5108 7080
378 635 462 724 ιιι
986 630 1030 712 ι.
1057 566 1277 712 nunnnr
1307 625 1474 712 ornus
1503 626 1795 713 rosrnuua.
2242 655 2387 742 rma..

347 817 350 832 Ι
382 857 541 948 Quaestio
565 853 697 928 seilicet
720 849 790 924 buc
815 847 919 939 redit,
946 859 986 922 nt
1010 845 1177 946 ejusmodi
1202 847 1301 918 binae
1325 841 1521 918 functiones
1546 843 1788 938 algobraieae'
1779 849 1885 942 ipsius
1914 871 1935 918 a
1965 849 2199 939 inveniantur,
2229 874 2315 946 quae
2340 875 2403 948 pro

380 1013 588 1090 coordinatis
616 1033 643 1082 ι
673 995 708 1082 et
733 1033 760 1100 γ
790 1008 992 1080 substitutae
1021 1005 1203 1100 praebeant
1229 996 1417 1100 V(daa'-r-
1430 981 1646 1097 dy²==)⁰—-
1614 968 1904 1116 f·Postqoam
1938 1003 2095 1100 equidem
2130 1004 2199 1078 boc
2230 1007 2405 1100 problema

379 1173 496 1245 multis
520 1168 628 1242 modis
651 1167 794 1253 tentavi,
819 1165 958 1261 aliisque
984 1163 1172 1258 insignibus
1195 1159 1386 1233 Geometris
1411 1157 1628 1230 enodandum
1653 1162 1824 1254 proposui,
1851 1181 1960 1254 oeque
1985 1181 2062 1254 ego,
2090 1184 2201 1256 neque
2227 1165 2404 1258 qnisquam

378 1329 465 1401 alius
489 1325 692 1400 solutionem
717 1324 850 1418 assequi
876 1323 1063 1414 potuimus:
1096 1341 1173 1389 cum
1198 1327 1313 1388 tamen
1339 1317 1372 1386 in
1398 1337 1522 1410 genere
1548 1317 1575 1386 si
1601 1327 1784 1410 quaeratur
1807 1337 1914 1387 curva
1940 1315 2148 1426 elgebraica,
2174 1319 2274 1415 eujus
2298 1323 2406 1391 recti·

378 1480 495 1560 ficatio
520 1507 540 1556 a
567 1479 778 1576 logorithmis
807 1476 968 1574 pendeat,
1006 1475 1177 1570 problema
1207 1477 1253 1546 sit
1282 1470 1496 1552 facillimum.
1536 1483 1638 1568 atque
1668 1469 1754 1544 adeo
1785 1473 1941 1566 parabola
1979 1477 2099 1546 conica
2138 1477 2169 1545 ei
2207 1471 2405 1550 satisfaciat.

381 1641 481 1716 Unde
506 1633 782 1713 concludendum
807 1645 861 1706 est
885 1633 953 1707 boc
978 1633 1149 1728 problema
1177 1631 1231 1704 vel
1257 1632 1394 1704 omnino
1419 1627 1545 1701 nullam
1574 1629 1782 1702 solutionem
1812 1625 2008 1718 admittere,
2040 1631 2093 1703 vel
2119 1631 2319 1705 methodum
2343 1631 2407 1704 ad-

379 1800 450 1874 buc
475 1799 572 1894 plene
597 1793 694 1866 nobis
719 1795 928 1886 incognitam
953 1743 1137 1884 requirere.
2476 1743 2479 1746 .

480 1958 514 2026 i.
564 1953 707 2024 Evenire
733 1972 869 2046 quoque
894 1971 994 2043 posse
1022 1945 1174 2035 videtur,
1205 1957 1245 2018 ut
1269 1917 1462 2042 bujnsrnodi
1493 1941 1700 2038 problemata
1730 1944 1867 2014 unicam
1891 1953 2025 2016 tantum
2051 1943 2257 2018 solutionem
2279 1943 2408 2018 admit·

380 2124 468 2200 tant,
494 2133 603 2206 neque
628 2107 705 2206 plus
730 2128 796 2178 una
823 2128 925 2178 curva
952 2103 1100 2196 exbiberi
1126 2113 1241 2199 queat,
1268 2103 1366 2198 eujus
1392 2123 1491 2172 arcus
1516 2121 1575 2194 per
1599 2097 1713 2169 datam
1737 2095 1918 2172 formulam
1945 2101 2142 2196 integralem
2165 2105 2407 2196 exprimantur.

382 2265 550 2364 Equidem
574 2261 643 2338 hoc
668 2289 741 2336 sum
767 2274 922 2358 expertus
947 2265 981 2334 in
999 2235 1151 2335 ¹formula
1177 2226 1387 2392 [γῆξ-,ἧι
1419 2280 1483 2354 qua
1510 2279 1609 2330 arcus
1633 2257 1753 2329 circuli
1780 2211 1992 2366 exprimitur:
2027 2209 2156 2330 nullam
2188 2263 2278 2330 enim
2308 2261 2408 2331 aliam

382 2427 503 2500 lineam
529 2447 665 2496 curvam
690 2421 913 2516 algebraicam
939 2421 1091 2491 invenire
1116 2422 1222 2514 potui,
1250 2419 1350 2514 cujus
1374 2437 1475 2488 arcus
1500 2436 1560 2510 per
1586 2413 1726 2486 eandem
1752 2411 1930 2498 formulam
1950 2415 2204 2510 exprimeretur.
2235 2415 2295 2488 Sic
2315 2417 2409 2488 nulla

384 2583 520 2655 videtur
543 2592 654 2652 extare
680 2601 784 2650 curva
811 2576 1010 2672 algebraica,
1036 2577 1135 2672 eujus
1160 2579 1252 2647 arcui
1276 2577 1468 2667 cuicunque
1488 2571 1635 2668 aequalis
1650 2595 1751 2644 arcus
1771 2571 1945 2644 circularis
1967 2571 2115 2644 exhiberi
2136 2583 2248 2668 queat,
2275 2575 2408 2646 etiamsi

382 2737 644 2816 innumerabiles
679 2735 784 2808 lineae
820 2735 1031 2844 algebraicae
1068 2735 1137 2805 sint
1174 2743 1294 2826 notae,
1332 2753 1475 2826 quarum
1512 2723 1715 2804 rectificatio
1750 2722 2051 2813 auectilicatione
2089 2731 2219 2809 circuli.
2247 2727 2408 2828 peqdeat.

315 2945 318 2952 ‹
384 2897 505 2974 Statim
536 2897 624 2966 enim
654 2905 754 2988 atque
785 2891 850 2964 bae
881 2913 1001 2965 cumae
1027 2913 1047 2962 a
1072 2889 1201 2962 circulo
1226 2898 1307 2960 sunt
1332 2885 1501 2982 diversae,
1541 2908 1656 2958 earum
1687 2907 1788 2958 arcus
1814 2897 2004 3014 aequantur
2025 2869 2222 2982 ,aggregato
2240 2910 2295 2972 ex
2325 2905 2412 2964 arcu

383 3053 528 3224 quodam
554 3051 712 3127 circulari
736 3060 773 3124 et
796 3049 882 3122 lioea
908 3049 1114 3142 geometrice
1139 3045 1351 3139 assignabili,
1376 3067 1507 3218 quae⁰1¹
1490 3045 1623 3118 nonnisi
1649 3045 1756 3116 certis
1777 3043 1916 3119 casilrrs
1937 3049 1971 3120 ln
1996 3044 2138 3116 nibilum
2163 3045 2256 3116 abire
2283 3056 2411 3221 pqt'art

383 3384 444 3528 per
467 3365 725 3438 substitutiones
748 3355 979 3435 ιιιιιιιιιιιιιιί
1004 3371 1130 3458 potest.
1220 3415 1225 3429 .

411 3521 518 3595 d.
570 3493 699 3592 llantur
725 3531 839 3591 tamen
866 3519 966 3590 etiam
992 3511 1157 3616 ejusmodi
1182 3513 1347 3592 formulae
1371 3513 1509 3614 sZdz‚
1536 3533 1599 3610 pro
1625 3514 1746 3610 quibus
1771 3515 2031 3588 innumerabiles
2053 3535 2177 3589 curvae
2195 3515 2409 3613 algebraicae

377 3675 533 3766 ,exhiberi
558 3685 710 3774 possunt,
735 3679 782 3747 ita
808 3651 847 3746 ut
871 3669 1022 3747 infinitae
1047 3699 1172 3750 curvae
1197 3654 1407 3772 algebraieae
1432 3669 1596 3766 assignari
1618 3681 1754 3767 queant,
1778 3673 1813 3744 in
1834 3677 1976 3770 quarum
1996 3697 2062 3748 una
2085 3675 2114 3746 si
2138 3679 2291 3769 capiatur
2309 3697 2412 3750 arcus

385 3839 597 3934 quicunque,
630 3835 663 3904 in
688 3833 827 3928 reliquis
852 3831 1007 3904 omnibus
1032 3855 1131 3927 pares
1156 3808 1254 3904 arcus
1279 3827 1476 3918 abscindere
1501 3829 1607 3901 liceat
1663 3825 1736 3900 lluc
1767 3831 1928 3924 imprimis
1957 3787 2103 3941 Ptiisssei
2127 3831 2301 3928 problema
2328 3836 2411 3932 olim

385 3969 568 4045 aCelebb.
594 3965 846 4040 Bernoulliis
871 3978 1068 4054 tractatum,
1095 3989 1163 4062 quo
1190 3990 1291 4039 curva
1317 3967 1505 4063 algebraiea
1532 3961 1774 4060 quaerebatur,
1802 3963 1902 4061 cujus
1919 3960 2121 4040 rectificatio
2142 3991 2219 4038 curn
2237 3963 2412 4043 rectifica-

386 4133 482 4201 tione
506 4150 628 4200 curvae
653 4127 816 4198 elasticae
835 4127 1051 4212 conveniret,
1084 4147 1145 4197 seu
1176 4147 1237 4219 per
1266 4123 1354 4195 banc
1378 4119 1557 4194 formulam
1585 4089 1767 4254 sf-
1800 4125 2059 4248 exprimeretur:
2095 4124 2295 4196 invenerunt
2320 4123 2413 4198 enim
2466 4102 2471 4110 ⁶

387 4287 509 4360 lineam
535 4287 644 4382 quarti
670 4282 814 4372 ordinis,
848 4283 892 4357 ob
919 4275 1064 4380 figuram
1090 4285 1313 4394 lemniscatam
1339 4279 1478 4369 dictam,
1504 4303 1588 4376 quae
1608 4281 1689 4353 huie
1708 4302 1813 4378 scopo
1834 4241 2051 4387 satisfaceret.
2072 4277 2291 4388 Ostendam
2295 4293 2411 4356 autem

387 4455 522 4542 praeter
547 4443 776 4515 lemniscatam
799 4435 950 4512 infinitos
974 4441 1056 4514 alias
1081 4437 1228 4512 exbiberi
1260 4461 1358 4534 posse
1389 4461 1513 4512 curvas
1542 4432 1767 4532 algebraicas,
1803 4457 1954 4538 quarum
1984 4459 2085 4514 mous
2122 4442 2311 4534 generatim
2350 4459 2413 4537 per

386 4601 527 4678 candem
552 4596 728 4672 sormidam
755 4570 997 4692 exprimantur.
1038 4596 1122 4670 Cum
1146 4598 1254 4691 igitur
1274 4596 1483 4684 lemniscata,
1509 4595 1659 4675 docento,
1681 4591 1963 4688 lilingnano',
1987 4591 2076 4668 banc
2094 4594 2414 4691 babeatimign
2455 4587 2458 4592 ’

387 4731 640 4854 proprietatem,
668 4765 707 4826 nt
733 4756 767 4824 in
793 4777 831 4824 ea
857 4751 996 4848 perinde
1017 4753 1156 4849 atque*
1145 4777 1181 4826 ιι
1206 4751 1355 4840 circulo,
1376 4773 1477 4824 arcus
1502 4757 1721 4847 quotcumque
1745 4750 1919 4844 aequales
1931 4749 2082 4822 abscindi
2114 4747 2259 4846 queant,
2292 4752 2413 4826 eadem

389 4917 576 5010 proprietas
611 4931 746 5007 quoque
776 4913 810 4981 ln
847 4931 964 5018 omnes
1000 4928 1142 4997 curvas,
1182 4929 1323 5004 quarum
1360 4929 1460 4981 arens
1491 4891 1722 5004 pereundam
1751 4901 1932 5043 formulam
1960 4873 2411 5044 1[ὶ,ὴ(ιο-,--;,-)“,ιιιριιιιιιιιῑιι

388 5079 578 5165 competet:
602 5089 689 5162 quae
714 5087 798 5160 ergo
823 5075 1012 5155 merentur,
1038 5077 1081 5137 nt
1105 5063 1301 5161 diligentius
1324 5061 1535 5189 evolvantur.
1644 5135 1649 5143 ,

468 5210 522 5298 6.
574 5221 760 5296 Methodus
785 5221 939 5319 quidem,
963 5245 1029 5318 qua
1055 5223 1144 5295 hanc
1169 5223 1462 5318 investigationem
1488 5216 1645 5331 suscipio,
1673 5244 1733 5317 per
1757 5243 1793 5293 se
1818 5197 1902 5294 satis
1926 5217 1978 5292 est'
1994 5197 2113 5326 pla'aa,
2138 5235 2174 5295 et
2199 5249 2264 5319 ope
2289 5208 2410 5299 calculi

285 5395 336 5472 ‚',
388 5364 591 5461 angulorum
615 5360 723 5436 facile
739 5363 888 5460 expediri
915 5373 1036 5459 potest.
1088 5365 1124 5438 st
1150 5365 1239 5435 enim
1267 5385 1368 5436 arcus
1393 5363 1578 5464 cujuspiam
1597 5385 1724 5434 curtae
1747 5362 1913 5466 perhanc
1939 5355 2116 5438 formulam
2141 5362 2263 5464 sZ'dz
2288 5365 2412 5441 debeat

360 5493 537 5602 exprimi,
566 5508 696 5578 vocatis
721 5503 927 5577 coordinatis
951 5503 1231 5600 orthogonalibus
1256 5527 1283 5574 ι
1306 5515 1342 5576 et
1363 5526 1405 5594 γ
1430 5515 1534 5599 atque
1559 5503 1757 5580 introducto
1783 5479 1912 5622 angdlo
1937 5527 2137 5602 quocunque
2162 5530 2210 5602 φ,
2242 5517 2412 5583 statuatur

1004 5640 1222 5719 doe-:Zdz
1235 5665 1338 5790 cosp
1386 5651 1424 5717 ιι
1471 5643 1857 5785 dy=Zdzsinp
1878 5660 1883 5680 ¹
1977 5671 1980 5678 ’
2017 5617 2056 5671 ³

388 5791 438 5862 sic
463 5793 552 5862 enim
578 5787 724 5886 prodibit
748 5807 847 5862 arcus
870 5785 1081 5862 elementum
1418 5801 1421 5809 ¹
1915 5803 1918 5814 ·

910 5923 1097 6024 Μαι-ι·
1108 5926 1180 6016 dy'
1184 5926 1261 6024 )===
1277 5927 1373 6015 Zdz,
1408 5862 1549 6024 ipseque
1569 5949 1673 6002 areos
1695 5957 1745 5996 e:
1757 5927 1945 6025 sZrla.

249 6169 255 6184 ,
389 6087 489 6166 Unde
514 6095 665 6187 quaestio
690 6091 760 6162 buc
785 6089 888 6179 redit,
920 6102 961 6162 ut
983 6087 1268 6186 quemadmodum
1297 6091 1398 6163 arcus
1427 6113 1460 6187 qo
1488 6090 1531 6164 ad
1561 6085 1757 6170 variabilem
1785 6115 1806 6163 z
1836 6053 2070 6186 comparatus
2084 6109 2160 6162 ecee
2180 6089 2323 6176 debeat,
2354 6095 2412 6164 in·

389 6235 599 6325 vestigetur,
631 6243 670 6305 ut
694 6231 809 6304 ambae
835 6227 1000 6306 formulae
1022 6229 1223 6342 ΙΖιίιιιιιιςι
1252 6243 1291 6308 ιι
1307 6231 1509 6330 'Zdarinp
1533 6231 1686 6312 evadant
1705 6233 1936 6328 integrabilee:
1970 6235 2099 6354 quippe
2126 6229 2414 6328 quotcoodtuo.
