5168 7068
406 633 488 730 aaa
640 663 647 674 ·
1004 623 1048 704 n.
1077 623 1293 712 aunam
1322 623 1490 716 oram
1518 623 1803 708 rosraunm.
2292 663 2392 728 van.

410 891 465 940 aas
486 867 662 954 perfeceris.
698 867 832 930 Litterae
854 872 927 928 tuae
948 863 1022 928 mibi
1046 862 1169 928 demum
1190 871 1260 946 port
1281 863 1400 930 obitum
1425 863 1593 948 dignissimi
1616 865 1765 948 praesidis
1786 867 1883 933 nurui
1904 874 1978 933 sunt
1998 867 2152 945 redditae,
2170 891 2234 954 que
2255 893 2332 938 cua
2352 879 2435 958 equi·

410 1001 481 1066 dem
503 1019 541 1063 eo
563 998 686 1082 gravius
707 1017 777 1058 sum
800 993 974 1092 perculsus,
1002 994 1086 1074 quod
1113 993 1263 1075 optimum
1286 991 1438 1056 fautorem
1461 1013 1497 1057 ac
1518 993 1735 1058 suavissimum
1757 995 1889 1058 amicum
1911 996 2103 1062 omisserim=
2132 999 2251 1066 litteras
2272 1023 2351 1086 ergo
2370 1013 2434 1070 tou

410 1128 450 1194 ad
471 1129 560 1194 illum
581 1125 711 1190 directas
732 1125 765 1188 in
785 1133 891 1186 nostro
912 1131 1066 1186 coaventu
1087 1121 1261 1184 academico
1283 1121 1413 1202 aperiri,
1437 1121 1568 1186 maxime
1590 1131 1759 1204 optassem,
1782 1131 1816 1186 ut
1837 1123 1876 1188 ab
1898 1123 1967 1206 ipso
1988 1128 2156 1208 superstite
2179 1149 2367 1212 responsum
2387 1153 2434 1196 ao·

409 1259 513 1340 cipere
537 1275 654 1338 posses.
691 1253 778 1316 Nunc
806 1251 880 1334 quid
907 1251 964 1314 tibi
989 1249 1120 1316 scribam
1146 1249 1271 1318 nescio?
1309 1250 1400 1314 Fama
1428 1259 1476 1314 est
1501 1249 1601 1316 locum
1628 1239 1784 1334 praesidis‘
1799 1251 2031 1318 Alembertio
2052 1275 2123 1318 eum
2150 1259 2293 1322 maximis
2320 1260 2433 1326 emolu-

411 1386 524 1454 mentis
544 1383 706 1456 destinari,
728 1401 791 1463 quo
812 1400 884 1444 casu
906 1399 945 1442 on
967 1389 1054 1442 tuum
1074 1377 1364 1447 excellentissimum
1392 1399 1472 1461 opus
1494 1377 1556 1444 huo
1577 1381 1656 1444 mitti
1677 1379 1851 1446 consultum
1877 1381 1931 1456 sit,
1958 1383 2024 1464 ipse
2043 1385 2242 1468 judicaveris.
2279 1387 2365 1462 Quin
2385 1409 2434 1472 pe·

412 1514 474 1579 tius
497 1531 623 1594 operam
646 1509 701 1585 da,
725 1519 760 1574 ut
781 1508 1030 1592 quamprimum
1052 1505 1139 1590 prelo
1161 1508 1382 1580 committetum
1405 1507 1455 1571 bic
1475 1509 1559 1576 euim
1582 1509 1629 1574 bis
1650 1509 1836 1574 turbulentis
1858 1511 2048 1594 temporibus
2063 1514 2117 1578 vix
2137 1515 2305 1597 quisquam
2330 1517 2435 1582 biblio

279 1725 281 1732 y
412 1641 483 1724 pola
499 1661 587 1706 suam
605 1659 732 1721 operam
746 1649 829 1702 esset
846 1645 1070 1720 praestaturus.
1092 1635 1233 1701 Genavae
1252 1645 1356 1718 potam
1374 1637 1550 1720 hujusmodi
1567 1658 1646 1720 opus
1662 1639 1906 1702 commodissime
1922 1641 2035 1704 excudi
2054 1641 2160 1724 posse,
2179 1643 2228 1710 vel
2245 1645 2435 1722 humanae,

411 1768 466 1832 ubi
489 1767 612 1849 quidem
632 1787 753 1834 summo
775 1767 838 1830 etio
860 1766 1014 1832 fruuntur.
1038 1765 1163 1831 Lobens
1182 1765 1310 1848 cognovi
1333 1765 1387 1830 tibi
1407 1785 1506 1832 meana
1527 1767 1713 1832 solutionem
1735 1767 1847 1830 cordae
1869 1768 2016 1832 vibrantis
2039 1770 2176 1852 probari,
2200 1793 2294 1854 quarn
2318 1773 2436 1840 aten-

285 1895 289 1904 '
414 1898 544 1962 bertus
566 1897 659 1963 variis
680 1897 925 1961 cavillationibus
946 1893 1103 1958 infirmare
1126 1903 1174 1958 est
1194 1903 1337 1968 conatus,
1358 1895 1451 1976 idque
1466 1896 1505 1960 ob
1529 1915 1598 1960 eam
1617 1895 1717 1960 solam
1740 1897 1900 1970 rationem,
1923 1899 2007 1978 quod
2029 1919 2088 1962 noo
2110 1901 2150 1964 ab
2171 1901 2240 1982 ipso
2264 1912 2350 1966 esset
2371 1925 2437 1986 pro

413 2025 503 2088 lecta.
527 2025 656 2088 Minatus
679 2035 726 2090 est
748 2045 782 2087 se
803 2045 926 2108 gravem
950 2023 1167 2086 refutationem
1188 2043 1256 2086 esse
1280 2023 1524 2104 publicaturum,
1548 2025 1631 2106 quod
1653 2025 1828 2089 ao-iaceret
1849 2025 1966 2100 nescim
1989 2035 2076 2108 putat
2096 2049 2130 2092 se
2153 2031 2437 2113 pereloqueutiam

395 2153 588 2235 ¹semidoctis
610 2153 715 2218 lucum
737 2173 805 2216 esse
821 2153 986 2230 sactorum;
1011 2151 1120 2214 dubito
1140 2170 1178 2212 an
1201 2152 1283 2214 serio
1305 2171 1371 2214 rem
1392 2161 1487 2235 gerat,
1503 2153 1562 2214 nisi
1582 2153 1662 2216 sorte
1683 2173 1787 2216 amore
1808 2155 1933 2238 proprio
1955 2155 1996 2220 sit
2017 2157 2140 2240 penitus
2162 2167 2357 2224 occaecatus.
2381 2160 2437 2222 Vo-

412 2281 470 2344 luit
495 2281 607 2344 nostris
633 2281 859 2344 commentariis
884 2299 945 2342 non
968 2279 1275 2354 demonstrationem,
1296 2281 1353 2343 sed
1376 2281 1489 2343 nudam
1515 2279 1751 2344 declarationem
1774 2281 1867 2344 inseri
1890 2301 1987 2343 meam
2010 2283 2193 2348 solutionem
2216 2289 2352 2354 maxime
2373 2307 2438 2351 esse

413 2411 568 2486 vitiosam,
595 2431 651 2494 ego
673 2431 747 2472 vero
770 2409 902 2492 opposui
925 2429 1035 2471 novam
1058 2409 1350 2472 demonstrationem
1373 2412 1455 2472 omni
1484 2411 1585 2494 rigore
1613 2411 1804 2482 adornatam,
1831 2409 1886 2472 sed
1915 2429 2041 2492 praeses
2066 2423 2171 2476 noster
2192 2415 2301 2478 beatae
2324 2437 2437 2480 memo-

413 2539 477 2602 riae
505 2539 604 2600 noluit
630 2538 690 2620 ipsi
716 2545 851 2600 nostram
875 2537 1070 2599 Academiam
1091 2546 1235 2617 tanquam
1262 2536 1447 2620 palaestram
1475 2539 1657 2612 concedere,
1685 2537 1766 2599 unde
1797 2538 1888 2601 etiam
1916 2558 2013 2600 meam
2042 2541 2308 2606 confirmationem
2331 2544 2439 2606 lubens

414 2669 585 2750 suppressi.
624 2669 672 2728 Ex
702 2663 764 2748 qino
787 2666 957 2750 judicabis,
984 2673 1113 2747 quantas
1139 2665 1262 2739 turbas,
1290 2667 1317 2728 si
1343 2666 1497 2749 praesidio
1525 2667 1702 2740 decoretur,
1734 2667 1777 2729 sit
1802 2676 1930 2740 aturus‚
1957 2663 2100 2749 equidem
2125 2673 2227 2735 omnia
2254 2672 2438 2754 tranquillos

414 2807 559 2880 expecto,
581 2795 656 2856 nihil
678 2795 791 2878 negotii
814 2815 885 2857 cum
907 2794 961 2856 illo
982 2795 1145 2857 mixturas.

501 2923 661 3004 Analptica
690 2932 740 2986 tua
767 2923 880 2986 solutio
907 2923 1106 3004 problematis
1133 2923 1364 3006 isoperimetrici
1386 2923 1536 2998 continet,
1564 2931 1598 2986 ut
1621 2922 1725 2998 video,
1753 2922 1900 3004 quicquid
1925 2923 1957 2984 in
1983 2923 2040 2985 bac
2067 2925 2245 3007 quaestione
2275 2927 2439 2993 desiderari

414 3063 532 3136 potest,
554 3059 584 3114 ct
606 3071 662 3134 ego
685 3052 817 3113 maxime
839 3052 969 3133 gaudeo,
993 3051 1051 3145 boc
1073 3061 1302 3134 argumentum,
1326 3053 1407 3133 quod
1423 3051 1488 3114 lere
1504 3052 1589 3115 solus
1605 3060 1675 3134 post
1694 3053 1809 3133 primos
1833 3037 1959 3114 cennius
1982 3053 2070 3134 quasi
2092 3063 2161 3136 post
2185 3054 2310 3119 limioes
2334 3067 2438 3122 tracta·

416 3203 533 3255 veram,
557 3199 575 3243 a
596 3189 626 3242 tc
648 3179 839 3261 potissimum
862 3181 900 3242 ad
922 3199 1077 3241 summum
1100 3179 1296 3260 perfectionis
1317 3179 1472 3262 fastigium
1494 3201 1562 3244 esse
1584 3189 1736 3244 avectum.
1772 3179 1828 3254 ilci
1853 3179 1984 3262 dignitas
2006 3201 2054 3244 me
2075 3183 2229 3260 excitavit,
2252 3194 2286 3246 ut
2309 3187 2370 3250 tuis
2391 3187 2436 3250 lu·

415 3311 538 3374 minibis
566 3307 702 3392 adjutus,
727 3308 794 3389 ipse
820 3308 1004 3370 solutionem
1026 3307 1206 3392 analyticam
1229 3309 1477 3392 conscripserim,
1504 3329 1596 3392 quam
1617 3317 1718 3373 autem
1742 3309 1843 3372 celare
1865 3309 1972 3386 statui,
1999 3310 2096 3374 donec
2122 3311 2188 3394 ipse
2216 3320 2286 3376 tuas
2313 3315 2437 3377 medita·

415 3441 515 3504 tiones
536 3437 651 3520 publici
671 3435 751 3520 juris
773 3435 898 3509 leceris,
921 3456 960 3498 ne
981 3435 1077 3498 ullam
1099 3445 1216 3518 partem
1239 3437 1355 3520 gloriae
1376 3437 1433 3500 tibi
1455 3437 1575 3500 debitae
1596 3437 1790 3520 praeripiam.

500 3565 654 3640 Quoniam
676 3565 724 3627 bis
746 3565 932 3647 gravissimis
957 3565 1150 3648 temporibus
1172 3565 1220 3628 ab'
1233 3565 1302 3628 aliis
1323 3567 1453 3650 negotiis
1474 3567 1595 3642 vacavi,
1618 3565 1734 3628 librum
1757 3565 1796 3628 de
1818 3563 1937 3628 calculo
1957 3565 2097 3646 integrali
2119 3567 2315 3631 conscribere
2337 3571 2438 3652 coepi,

416 3695 498 3778 quod
521 3713 600 3776 opus
619 3691 805 3777 jampridem
826 3693 919 3756 ctiam
941 3693 1119 3768 meditatus,
1142 3703 1235 3776 atque
1261 3696 1338 3757 adeo
1358 3695 1541 3758 Academiae
1565 3693 1810 3776 Petropolitanae
1832 3693 2001 3777 pollicitus,
2025 3715 2104 3758 nunc
2124 3696 2219 3778 igitur
2236 3698 2301 3780 jam
2323 3697 2437 3760 notabi-

415 3823 477 3888 lem
498 3829 616 3906 partem
637 3821 767 3885 absolvi.
794 3819 953 3884 Calculum
974 3821 1154 3905 integralem
1175 3822 1218 3886 ita
1239 3821 1376 3900 delinivi,
1398 3831 1434 3887 ut
1455 3833 1538 3887 esset
1559 3819 1724 3886 methodus
1743 3823 1916 3886 functiones
1937 3823 2028 3886 unius
2049 3823 2224 3905 pluriumve
2248 3825 2439 3890 variabittnn

414 3939 593 4016 inveniendi
615 3972 658 4014 ex
676 3951 754 4018 data,
769 3951 1014 4014 differentialium
1029 3951 1078 4015 vel
1094 3952 1185 4034 primi
1202 3951 1252 4017 vel
1267 3953 1412 4017 altiorum
1433 3956 1584 4037 graduum
1605 3951 1768 4028 relatione;
1791 3951 1873 4015 unde
1889 3959 1980 4034 prout
1995 3951 2181 4014 mactiones
2191 3953 2251 4014 sint
2266 3951 2316 4015 rel
2325 3945 2439 4026 ’unius

417 4081 467 4144 vel
499 4081 631 4143 duarum
653 4079 826 4161 pluriumve
848 4077 1056 4154 variabilinm‚
1079 4088 1178 4143 totum
1199 4101 1278 4164 opus
1303 4081 1334 4143 io
1360 4081 1438 4145 duos
1459 4081 1555 4145 libros
1580 4079 1686 4156 divisi,
1714 4079 1768 4143 ubi
1791 4080 1914 4162 quidem
1934 4098 1991 4162 pro
2013 4080 2176 4161 posteriori
2199 4079 2251 4142 vix
2273 4080 2437 4162 quicquam

415 4217 460 4272 est
482 4175 622 4272 cultum.x
647 4209 692 4270 Eo
716 4208 870 4288 pertinent
890 4207 1007 4272 scilicet
1028 4208 1222 4289 quaestiones
1244 4209 1283 4271 de
1307 4209 1408 4274 cordis
1430 4209 1637 4283 vibrantibus,
1664 4207 1717 4270 obi
1744 4227 1800 4290 pro
1829 4207 2065 4288 datotempore
2086 4179 2150 4271 tet
2176 4207 2288 4270 cordae
2316 4217 2438 4289 pernota,

416 4339 505 4421 cujus
526 4337 606 4400 situs
627 4335 808 4410 variabilis,¹
825 4333 987 4400 denotetur
1007 4335 1075 4420 ejus
1096 4335 1238 4399 celeritas
1259 4345 1292 4401 et
1308 4383 1424 4402 ......
1447 4337 1642 4428 determinari
1664 4336 1775 4401 debet:
1804 4337 1963 4419 quaeritur
1983 4334 2065 4397 enim
2089 4335 2205 4398 iunctio
2229 4336 2382 4418 quaedam
2402 4335 2438 4420 (r)

414 4489 557 4550 binarum
575 4485 769 4548 variabilium
792 4495 803 4546 t
825 4492 856 4547 et
875 4503 889 4546 c
910 4467 949 4546 er
971 4483 1041 4548 data
1063 4483 1212 4548 relatione
1226 4485 1428 4550 formularum
1450 4437 1502 4595 ‘gg
1527 4498 1560 4551 et
1583 4437 1653 4596 Ξῖ,
1672 4495 1703 4550 et
1717 4485 1894 4570 hujusmodi
1908 4483 2049 4548 formulis
2069 4483 2213 4546 universa
2234 4482 2438 4567 Hydrodpua-

414 4635 494 4697 mica
515 4633 662 4696 innititur.
699 4632 900 4695 Utilissimum
922 4653 996 4716 ergo
1018 4635 1076 4696 erit
1095 4633 1174 4697 hanc
1196 4643 1312 4716 partem
1334 4635 1443 4698 calculi
1464 4637 1619 4720 integralis
1641 4637 1829 4700 adhaesere
1852 4635 1993 4698 intactam
2015 4633 2187 4698 accuratius
2207 4633 2326 4706 evolvi,
2355 4635 2438 4716 enjm

416 4760 563 4842 equidem
584 4764 684 4842 prima
704 4760 902 4822 fundamenta
913 4761 975 4844 jain
991 4763 1101 4845 jecisse
1118 4762 1235 4827 videor.
1259 4763 1466 4846 lucipiendum
1489 4775 1590 4829 autem
1613 4775 1679 4830 erat
1701 4785 1718 4828 a
1740 4763 1991 4826 differentialibus
2006 4763 2098 4845 primi
2118 4762 2246 4844 padus,
2267 4772 2304 4825 ut
2326 4762 2437 4825 iunctio

2241 4873 2276 4922 dl·

2137 4971 2166 5020 m
2239 4947 2272 5018 ὦ
2301 4931 2358 4992 per
2383 4911 2435 4974 dil-

416 5058 661 5122 ferentiationem
684 5057 754 5121 inde
776 5039 939 5122 derivatas.
965 5061 1012 5122 Ex
1033 5079 1096 5142 que
1117 5061 1315 5142 perspicuum
1336 5069 1383 5124 est
1405 5063 1470 5126 sere
1493 5063 1609 5136 oannis,
1633 5083 1711 5145 quae
1733 5063 1835 5125 adbuc
1858 5063 1897 5125 de
1919 5061 2086 5144 integrandi
2108 5061 2252 5124 methodo
2273 5072 2348 5126 suut
2368 5083 2435 5146 pro-

416 4929 433 4970 r
455 4908 598 4984 binarum
621 4909 815 4985 variabilium
836 4920 847 4969 t
871 4917 902 4972 et
923 4929 937 4972 s
958 4909 1123 4974 deliniatur
1143 4930 1183 4974 ex
1203 4911 1275 4976 data
1296 4931 1479 4996 quacunque
1502 4914 1650 4978 relatione
1675 4894 1754 4978 inter
1779 4934 1797 4976 r
1819 4921 1850 4977 et
1875 4909 1932 4975 bas
1955 4911 2103 4974 formulas
2132 4873 2218 4975 ffel

415 5186 493 5260 lata,
519 5185 638 5248 etiamsi
667 5187 808 5249 binarum
834 5187 1027 5250 variabilium
1049 5185 1167 5252 mentio
1185 5189 1252 5264 liat,
1269 5189 1319 5251 'ad
1347 5191 1475 5271 primam
1505 5202 1605 5254 tamen
1632 5173 1751 5274 partem
1772 5191 1881 5254 reterri
1902 5190 2029 5270 debere,
2052 5190 2125 5272 qnia
2148 5190 2244 5254 altera
2267 5201 2302 5254 ut
2324 5191 2435 5254 iunctio

320 5393 329 5404 ,
417 5309 549 5373 alterius
572 5319 730 5378 tractatur.
768 5315 837 5378 Alio
859 5316 938 5380 sorte
961 5306 1100 5400 tempore
1121 5318 1211 5400 plura
1232 5318 1271 5384 de
1294 5319 1343 5382 his
1361 5341 1601 5386 commemorare
1623 5317 1785 5406 continget.
1821 5319 1897 5391 liele
1919 5339 1953 5382 ac
1975 5318 2044 5380 lave

357 5522 396 5552 ,.
482 5475 633 5570 ΙΒενθΙίιιὶ
656 5479 694 5540 de
716 5477 740 5543 2
760 5481 829 5545 Oct.
853 5482 946 5545 1759.

1278 5613 1347 5676 Tibi
1370 5614 1576 5678 addictissimo

2050 5740 2085 5804 L.
2108 5739 2254 5803 Eulero.

504 5927 538 5990 P.
562 5927 592 5990 S.
631 5927 784 6006 Privatam
811 5931 911 5996 adhuc
936 5933 1114 6003 societatem
1141 5935 1314 6002 litterarum
1338 5936 1558 6003 Taurinensem
1585 5957 1655 6002 mox
1681 5938 1836 6021 publicam
1862 5936 1929 6000 fieri
1960 5937 1990 5998 in
2017 5943 2213 6018 augmentum
2241 5933 2433 5997 scientiarum

627 6075 811 6142 magnopere
833 6070 916 6144 opto.

1320 6264 1524 6278 m
