5198 7072
421 547 504 634 sse
679 635 690 650 ,
1023 545 1063 628 u.
1095 539 1313 653 nunnus
1345 543 1513 628 oenus
1544 517 1834 630 rosruuue.
2284 545 2428 630 aaa.

288 842 293 854 ¹
423 765 474 834 uti
494 761 565 858 jam
593 781 695 856 supra
722 763 972 835 annotavimus.
1023 757 1078 832 Sit
1102 761 1193 832 enim
1214 779 1336 850 :rao
1368 728 1482 854 posito
1505 761 1645 847 a==0,
1677 767 1779 856 atque
1809 753 2042 832 infractione
2073 750 2171 832 linita
2202 723 2440 888 {equaepro
2511 725 2527 752 '⁸
2572 805 2573 848 ,

422 899 543 1048 gest
568 935 724 1020 inventa,
763 945 911 1028 ponatur
941 943 1010 1006 tam
1041 935 1075 1004 iu
1107 941 1325 1004 numeratore
1356 931 1390 1002 P
1419 953 1520 1026 quam
1550 934 1585 1002 in
1616 929 1872 1004 denominatore
1905 928 1996 1018 Qet
2020 933 2145 1006 azo
2170 942 2208 1003 ee
2227 953 2373 1022 μη,
2404 945 2440 1002 ,a
2572 955 2573 972 ι

425 1069 520 1142 valor
546 1069 727 1156 resultans,
753 1071 779 1140 si
806 1065 910 1141 luerit
934 1065 1193 1154 determinatus,
1220 1063 1383 1139 indicabit
1411 1077 1446 1138 et
1470 1077 1633 1162 punctum
1659 1087 1782 1138 curvae
1808 1065 1854 1138 ibi
1874 1075 1988 1138 extare
2008 1067 2157 1161 simplex,
2183 1065 2333 1164 ejusqne‘
2349 1061 2443 1138 simul
2572 1071 2573 1134 ἒ

425 1219 634 1304 tangentem.
684 1207 812 1294 Quodsi
850 1221 962 1282 anum
999 1208 1065 1280 bec
1100 1187 1208 1280 iactu'
1229 1203 1475 1280 substitutione
1516 1216 1551 1277 et
1588 1216 1781 1278 numeratur
1810 1205 1843 1278 P
1869 1217 1908 1278 et
1936 1203 2175 1280 denominatur
2200 1207 2231 1296 Q
2255 1216 2443 1294 evanescet
2571 1185 2573 1192 Α

424 1347 586 1422 iudicium
612 1349 680 1422 boc
710 1353 775 1422 erit
805 1361 968 1446 puuctum
998 1371 1122 1422 currus
1154 1373 1229 1422 esse
1260 1347 1385 1444 dupla
1423 1347 1479 1420 rel
1516 1347 1603 1421 adeo
1640 1347 1834 1443 multiplex,
1871 1371 1942 1443 quo
1979 1369 2059 1420 casu
2095 1349 2255 1444 aequatio
2292 1345 2445 1444 ponendo
2572 1315 2573 1320 Ἰ

422 1488 839 1580 r=u÷zadalium
866 1493 1052 1564 exemerit
1080 1487 1292 1577 reducenda,
1326 1490 1359 1560 ln
1384 1513 1484 1584 quem
1514 1489 1547 1560 id
1581 1511 1705 1562 ern-rae
1734 1499 1897 1586 punctum
1929 1487 2072 1578 incidat,
2111 1499 2153 1562 ut
2189 1465 2353 1584 deinceps
2388 1511 2445 1583 ope
2571 1471 2573 1476 ’

425 1629 728 1726 parallelogrammi
756 1640 875 1702 natura
901 1651 1070 1702 ramorum
1097 1633 1132 1702 in
1158 1629 1219 1702 illo
1245 1639 1374 1724 puncto
1399 1632 1676 1704 concurrentium
1701 1631 1896 1725 investigari
1922 1633 2041 1725 possit.

530 1773 588 1844 35.
640 1769 756 1842 Altera
784 1793 859 1864 pars
883 1771 1045 1855 instituti,
1072 1767 1165 1864 quod
1190 1767 1256 1840 boe
1281 1771 1391 1864 capite
1416 1773 1637 1864 suscepimus,
1663 1779 1818 1842 uersatur
1840 1771 1875 1842 in
1899 1747 2159 1864 investigatione
2184 1789 2369 1856 mmornm,
2392 1769 2444 1864 qni

416 1911 594 1984 'abscissae
616 1903 749 1984 infinite
768 1933 909 2006 maguae
928 1933 1015 1982 rc:
1027 1933 1078 1982 00
1104 1909 1321 2005 respondent,
1345 1907 1445 2005 quod·
1457 1912 1636 2006 negotium
1655 1911 1756 1982 etiam
1776 1907 1874 1984 tetta
1892 1931 1956 2006 ope
1979 1909 2284 2006 parallelogrammi
2303 1909 2444 2006 expediri

380 2071 402 2115 ⁴
429 2063 550 2148 potest.
579 2053 760 2146 Postquam
781 2055 869 2124 euim
889 2051 981 2148 (Fig.
996 2049 1058 2146 t2)
1077 2051 1203 2144 singuli
1221 2053 1355 2122 tormini
1372 2053 1582 2146 aequationis
1601 2053 1635 2124 iu
1655 2049 1797 2124 cellulas
1814 2049 2118 2148 parallelogrammi
2135 2046 2265 2123 luerint
2282 2051 2442 2147 dispositi,
2572 2129 2573 2136 ἶ

429 2175 643 2264 manifestum
669 2203 723 2262 est
747 2195 783 2262 in
806 2191 956 2288 qualibet
981 2193 1138 2265 columna
1166 2192 1315 2277 verticali
1342 2213 1460 2264 omues
1484 2193 1645 2266 terminos
1671 2213 1750 2288 prae
1775 2184 1892 2265 infimo
1916 2213 2134 2279 euanescere,
2156 2195 2205 2264 ita
2230 2203 2270 2266 nt
2294 2192 2341 2266 ad
2364 2193 2444 2266 bano

428 2335 725 2428 investigationem
756 2308 906 2406 sufficiat
936 2356 977 2404 ex
1006 2333 1150 2430 singulis
1180 2331 1348 2406 columnis
1378 2333 1471 2440 solos
1497 2335 1664 2406 terminos
1695 2327 1827 2406 infimos
1860 2333 2048 2406 retinuisse.
2104 2319 2194 2406 Tum
2231 2355 2315 2419 vero
2346 2321 2442 2430 aeque

428 2473 568 2544 evidens
594 2483 771 2570 astatque
797 2475 832 2544 in
856 2497 937 2546 casu
962 2473 1203 2570 praecedente,
1241 2477 1269 2547 si
1302 2475 1418 2572 regula
1449 2474 1492 2546 ad
1522 2472 1589 2548 bos
1618 2475 1787 2548 terminus
1812 2466 1948 2546 infimos
1975 2476 2025 2548 ita
2054 2476 2258 2570 applicetur,
2296 2485 2339 2554 ut
2368 2473 2443 2548 nulli

347 2617 351 2622 '
427 2617 563 2719 termini
590 2611 674 2686 inira
700 2637 773 2686 eam
798 2619 1025 2712 promineant,
1065 2639 1143 2711 prae
1168 2619 1335 2704 terminis,
1373 2638 1434 2712 per
1464 2637 1551 2710 qnos
1580 2615 1699 2710 regula
1731 2618 1868 2702 transit,
1906 2638 2024 2690 omnes
2059 2619 2223 2690 terminos
2258 2618 2444 2711 superiores

429 2731 629 2828 evanescere
654 2780 735 2829 casu
759 2780 925 2844 m=00,
964 2759 1011 2830 ita
1047 2768 1086 2852 nt
1124 2728 1277 2852 singulae
1317 2753 1512 2853 hujusmodi
1552 2755 1691 2854 regulae
1728 2758 1910 2852 positiones
1940 2756 2154 2853 praebiturae
2189 2761 2256 2830 sint
2287 2759 2443 2830 terminos
2564 2825 2573 2862 ·.

431 2899 639 2992 aequationis
664 2901 751 2970 inter
775 2921 811 2968 se
836 2897 1079 2992 homogeneos,
1105 2919 1185 2992 prae
1210 2897 1332 2993 quibus
1358 2897 1477 2999 reliqui
1503 2919 1620 2969 ornnes
1644 2856 1739 2993 ¹rejici
1764 2905 1918 2992 queant·

533 3043 590 3112 36.
642 3039 814 3134 Proposita
841 3061 926 3134 ergo
950 3043 1149 3134 aequatione
1174 3061 1376 3134 quacunque
1402 3061 1464 3133 pro
1489 3062 1593 3111 curva
1619 3039 1707 3110 iuter
1731 3035 1949 3110 coordinatas
1973 3061 2001 3109 rc
2024 3050 2061 3110 et
2082 3063 2118 3130 γ,
2145 3041 2173 3110 si
2198 3043 2286 3112 scire
2307 3041 2442 3112 velimus

430 3191 556 3276 puncta
583 3203 719 3268 curvae,
745 3181 911 3252 abscissae
935 3204 963 3251 rc
987 3185 1020 3274 iu
1047 3173 1219 3253 infinitum
1240 3181 1375 3252 meunt
1396 3171 1642 3276 respondentia,
1669 3190 1741 3252 tum
1759 3178 1884 3274 singuli
1907 3183 2118 3274 aequationis
2135 3184 2281 3269 termini,
2307 3192 2442 3254 utente
2517 3233 2523 3242 .

430 3334 484 3395 est
508 3333 733 3418 praeceptum,
761 3325 795 3394 in
821 3321 959 3394 cellulas
983 3312 1288 3418 parallelogrammi
1315 3321 1558 3410 inscribantur,
1596 3333 1632 3393 et
1661 3323 1795 3418 quoties
1824 3313 1898 3393 beri
1930 3331 2044 3416 potest
2071 3305 2187 3418 regula
2219 3321 2263 3394 ad
2289 3327 2442 3395 terminos

430 3464 530 3536 binos
555 3459 691 3537 infimos
716 3465 764 3536 ita
788 3465 986 3559 applicetur,
1013 3475 1052 3537 ut
1078 3463 1162 3536 nulli
1189 3465 1411 3536 terminorum
1443 3463 1652 3559 reliquorum
1682 3457 1770 3535 inira
1794 3463 1947 3558 regulam
1973 3461 2114 3552 cadant,
2144 3487 2211 3560 quo
2226 3445 2335 3536 'iacto
2364 3487 2441 3536 nna·

431 3627 584 3701 quaeque
608 3601 802 3703 hujusmodi
827 3605 965 3700 regulae
989 3607 1113 3700 positio
1138 3627 1199 3677 eos
1227 3605 1430 3676 monstrabit
1460 3607 1668 3700 aequationis
1698 3607 1879 3692 terminos,
1917 3627 1995 3700 prae
2027 3603 2152 3700 quibus
2180 3605 2300 3702 reliqui
2331 3627 2441 3678 omnes

432 3767 516 3816 casu
538 3768 689 3816 m=00
713 3745 807 3842 rejici
833 3757 974 3842 queant,
1005 3741 1150 3839 indeque
1180 3755 1299 3816 natura
1326 3767 1496 3817 ramorum
1520 3767 1645 3818 curvae
1669 3747 1703 3816 in
1727 3737 1899 3817 infinitum
1925 3748 2191 3833 excurrentium,
2222 3748 2283 3842 qui
2313 3745 2439 3844 quidem

431 3885 598 3958 abscissae
622 3910 709 3956 m:
723 3907 773 3954 00
805 3885 1046 3988 respondeant,
1078 3885 1268 3981 colligetur.
1322 3885 1409 3958 Hinc
1439 3887 1568 3958 scilieet
1599 3885 1743 3982 patebit,
1781 3897 1908 3998 utrum·
1934 3869 2120 3982 applicatae
2146 3911 2174 3978 p·
2199 3886 2347 3978 raloxus,
2384 3890 2439 3984 ipsi

217 4009 222 4016 ¹
333 4015 336 4021 ⁵
432 4049 583 4098 m=00
613 4025 869 4122 respondentes,
906 4037 1124 4115 evanescant,
1162 4049 1205 4099 an
1236 4027 1306 4098 sint
1336 4021 1451 4100 finitae
1482 4027 1738 4124 magnitudinis,
1776 4038 1812 4100 et
1841 4051 1884 4100 an
1903 4016 2003 4124 'ipsae
2033 4021 2120 4100 fiant
2149 4021 2320 4113 infinitam
2356 4027 2440 4125 quod

402 4181 405 4186 '
432 4169 614 4242 discrimen
637 4188 677 4239 ex
701 4159 1002 4265 diversis‘regulae
1028 4159 1253 4264 positionibus
1270 4179 1436 4265 ‘respectu
1465 4168 1725 4242 horizontalinm
1742 4141 1895 4243 'laterum
1927 4167 2227 4266 parallelogrammi
2257 4171 2438 4268 colligetur.

533 4313 592 4384 37.
641 4309 931 4398 Quemadmodum
966 4323 1079 4384 autem
1112 4311 1280 4408 judicium
1304 4313 1449 4385 'institui
1489 4323 1652 4408 oporteat
1678 4315 1767 4386 eirea
1804 4309 1960 4387 naturam
1992 4295 2187 4413 hujusmodi
2218 4293 2442 4387 remoremini

432 4443 603 4528 infinitum
628 4463 841 4526 extensarum
866 4449 1001 4534 lacilius
1024 4451 1174 4547 exemplo
1202 4450 1349 4547 quodam
1373 4453 1561 4528 evolvendo
1586 4475 1687 4550 mam
1713 4458 1899 4550 praeceptis
1923 4453 2099 4530 uadendis
2122 4455 2238 4529 doceri
2263 4466 2383 4550 potest

530 4599 812 4681 exemplum.
864 4595 1018 4668 Invenire
1042 4605 1197 4666 murrum
1221 4571 1395 4666 suessorumw
1410 4617 1477 4690 pru
1501 4595 1649 4670 abscisso
1672 4558 1803 4668 le00
1827 4619 1946 4676 cureat
1966 4583 2041 4676 buc,
2054 4599 2250 4692 cequutboe
2271 4615 2439 4693 amputasse

433 4731 2436 4839 t:sa¹⁰xysssa⁹x⁸÷2a⁸x²y²-3a⁷x⁵-2a⁸x⁴y⁸÷ufey-eatur-ta²x⁸y²÷2ax⁸5⁸÷x⁸r

529 4935 531 4942 y
597 4943 622 4961 Α,
681 4872 1030 4972 -3a⁹y³-r7iu⁸y⁴
1081 4873 1869 4972 -a⁷x⁴p÷ta⁵x⁷p⁴-a⁴r⁶y²-3a⁸x²y⁷
1950 4959 1953 4967 .
2006 4844 2014 4849 ’
2070 4873 2438 4974 ‚-bax⁶y⁶-x⁸y⁸

1137 5109 1140 5114 Ι
1256 5015 1469 5111 -2a⁵x²y³
1613 5109 1635 5118 ..
2101 5019 2297 5115 -r-2ax‘p'

1260 5155 1425 5260 ÷a³xy⁶
1502 5131 1505 5136 Ι

386 5311 407 5356 *t
534 5299 712 5398 Dispositis
736 5303 886 5372 terminis
912 5257 1016 5398 bajus
1038 5302 1244 5398 aequationis
1268 5303 1303 5373 in
1327 5299 1468 5374 cellulas
1494 5236 1792 5398 parallelogrammi
1815 5301 1904 5402 (Fig.
1919 5305 1992 5401 tt),
2015 5306 2150 5403 rejectis
2167 5269 2436 5393 cotilicientibus,

433 5443 552 5540 regula
572 5439 659 5515 blni's
678 5443 829 5515 terminis
846 5445 880 5514 in
898 5441 1033 5538 ¹quaque
1057 5441 1213 5516 columna
1230 5429 1382 5514 verticali
1407 5431 1531 5514 inblnis
1548 5446 1681 5537 quoties
1698 5437 1771 5517 lieri
1792 5451 1904 5542 potest
1923 5447 1969 5518 ita
1988 5421 2188 5543 applicetur,
2209 5459 2251 5520 ut
2270 5443 2352 5522 inira
2371 5467 2437 5518 eam

419 5585 517 5664 wnulli
543 5586 676 5657 termini
702 5595 902 5680 appareant,
937 5586 1052 5678 sieque
1082 5579 1333 5680 progrediendo
1360 5603 1380 5655 a
1410 5581 1525 5655 dextr'a
1551 5581 1595 5656 ad
1619 5585 1785 5658 sinistram
1810 5589 1958 5683 quinque
1982 5587 2120 5684 regulae
2145 5591 2231 5662 situs
2256 5587 2443 5685 prodibunt,¹

434 5731 493 5826 qui
518 5723 710 5801 indicuntur
733 5729 767 5800 ln
796 5719 1028 5820 figuralineis
1055 5725 1127 5821 (ip,
1154 5725 1233 5814 Hir,
1259 5726 1316 5813 Ji,
1341 5723 1404 5798 Kb
1427 5735 1464 5797 et
1488 5725 1556 5815 tt,
1583 5745 1726 5822 quanm
1750 5725 1837 5828 dune
1857 5731 1988 5825 priores
2005 5727 2166 5804 deorsum
2183 5713 2437 5819 tendunt'duae

435 5871 645 5966 posteriores,
667 5891 748 5940 vero
774 5889 925 5954 sursum,
950 5875 988 5938 at
1011 5867 1119 5940 media
1143 5867 1188 5940 Ji
1209 5877 1265 5946 est
1285 5865 1514 5946 bonnontalis.
1541 5867 1622 5968 lam
1635 5869 1769 5966 vsinguli
1787 5869 1824 5943 bi
1841 5874 1929 5944 situs
1947 5873 2101 5968 sequenti
2120 5869 2225 5947 modo
2240 5861 2438 5947 e'rol'rtntur.

534 6009 559 6084 l.
610 6010 701 6084 Situs
728 6009 783 6106 Gg
810 6008 949 6115 praebet
974 6011 1134 6082 terminos
1158 6006 1252 6102 e⁴y⁷
1279 6018 1314 6080 et
1338 6003 1441 6100 c⁶y⁸,
1467 6009 1652 6106 exquibus
1675 6006 1843 6087 iormmm
1867 6011 1953 6088 haec
1976 6013 2150 6110 aequatim
2572 5985 2573 5992 ἵ

983 6244 988 6266 ⁸
1055 6145 1454 6252 ssacc‘ffl-s‘y‘zb
1503 6173 1563 6226 seu
1611 6157 1841 6246 ‘dura-mm,
2220 6155 2227 6170 “
