5192 7068
698 592 885 672 Tractatus
911 593 953 670 de
980 617 1208 672 nummorum
1236 592 1399 675 doctnira
1429 591 1517 700 Cup.
1547 594 1586 672 7.
2130 599 2181 678 25

259 807 345 881 203.
396 805 434 880 Si
470 827 538 878 uon
570 827 686 878 omues
715 807 847 879 numeri
878 805 920 880 ad
946 806 972 878 d
996 807 1092 900 primi
1130 829 1237 902 eoque
1275 809 1436 900 minores,
1475 829 1620 903 quonum
1657 807 1840 882 multitudo
1877 819 1929 880 est
1953 841 2001 874 =
2013 835 2062 901 μ,
2088 817 2185 886 inter

161 943 312 1034 residua,
339 969 483 1042 quorum
506 945 690 1019 multitudo
713 956 766 1018 est
791 975 839 1008 =
852 968 892 1032 n,
918 954 1116 1032 occurrant,
1142 966 1218 1030 eos,
1247 947 1304 1040 qui
1328 967 1369 1016 ex
1394 945 1513 1018 ordine
1537 945 1751 1018 residuorum
1778 945 2020 1036 excludrmtur,
2046 955 2183 1024 nomine

162 1087 463 1158 non-rosidoormn
486 1085 681 1180 appellabo,
707 1086 753 1158 ita
777 1095 818 1157 ut
843 1080 1026 1158 multitudo
1050 1079 1263 1156 residuorum
1287 1107 1311 1154 u
1335 1107 1415 1156 cum
1441 1082 1655 1158 multitudiue
1679 1084 1982 1159 nou-residuorum
2010 1089 2182 1164 exhaurire
2319 1121 2321 1126 ·

162 1223 288 1296 debeat
311 1246 486 1296 numerum
512 1249 554 1314 μ.

261 1389 347 1460 aot.
397 1385 432 1458 Si
457 1389 491 1460 iu
517 1390 601 1460 serie
620 1387 832 1460 residuorum
863 1391 898 1476 l,
926 1413 965 1475 α,
991 1387 1040 1474 β,
1067 1411 1108 1477 γ,
1133 1397 1199 1458 etc.
1228 1395 1411 1456 occurrant
1436 1388 1565 1458 numeri
1592 1411 1613 1456 r
1637 1397 1672 1458 et
1694 1391 1728 1474 s,
1753 1389 1788 1458 iu
1813 1411 1852 1459 ea
1874 1411 2007 1486 quoque
2026 1403 2184 1463 occurret

163 1552 324 1603 numerus
347 1552 401 1618 rs,
440 1552 502 1602 scu
524 1529 695 1603 residuum
721 1533 784 1625 ipsi
814 1529 1040 1624 aequivalens.
1092 1529 1128 1601 Si
1159 1529 1248 1598 enim
1278 1527 1413 1599 residua
1438 1552 1460 1598 r
1483 1538 1518 1598 et
1540 1551 1558 1600 s
1580 1528 1808 1624 respondeant
1838 1531 2062 1625 potestatibus
2087 1531 2124 1604 bp
2149 1545 2185 1606 et

162 1667 215 1756 tr,
242 1670 401 1764 potestati
428 1667 531 1739 ὂψ
555 1668 773 1766 respondebit
797 1667 970 1740 residuum
993 1689 1043 1739 rs.
1094 1666 1246 1764 Hiucqne
1282 1669 1370 1738 iuter
1400 1665 1534 1740 residua
1567 1679 1727 1742 occurret
1756 1691 1916 1744 numerus
1941 1654 2037 1758 ussi,
2062 1674 2184 1744 sumtis

164 1808 409 1903 exponentibus
432 1801 460 1896 f
476 1819 512 1879 et
532 1832 558 1903 9
582 1819 766 1903 utcunque.

262 1973 344 2044 205.
396 1969 554 2042 Vicissim
583 1973 610 2042 si
636 1972 793 2066 potestati
819 1968 856 2040 bi
881 1973 1061 2042 conveniat
1096 1969 1270 2042 residuum
1306 1993 1344 2057 r,
1387 1972 1547 2065 potestati
1587 1992 1667 2042 vero
1705 1969 1807 2040 ὁρψσ
1837 1970 2010 2044 residuum
2034 1995 2089 2055 rs,
2128 1975 2181 2046 vel

163 2110 333 2198 rar-id,
372 2122 446 2184 tum
471 2114 632 2207 potestati
658 2111 694 2181 b⁰
718 2109 898 2183 conveniet
922 2112 1092 2184 residuum
1116 2135 1144 2185 s.
1196 2111 1281 2183 Nam
1312 2110 1482 2206 producto
1515 2111 1569 2183 bis
1594 2114 1773 2183 conveniet
1802 2113 1974 2185 residuum
2000 2137 2053 2202 rs,
2091 2115 2180 2186 idem

162 2247 257 2344 quod
280 2252 440 2346 potestati
466 2247 577 2336 bi÷⁶3
614 2249 696 2322 binc
727 2244 915 2322 differentia
948 2245 1414 2346 001141330ρῷἋή
1439 2273 1499 2345 per
1522 2250 1548 2320 d
1572 2251 1637 2320 erit
1663 2247 1850 2322 divisibilis.
1902 2252 2013 2338 Quare
2039 2277 2118 2326 cum
2143 2253 2181 2326 bi

161 2387 204 2460 nd
229 2389 256 2459 d
280 2390 324 2459 sit
349 2392 491 2484 primus,
522 2413 658 2460 necesse
686 2399 738 2462 est
762 2392 807 2460 sit
831 2389 957 2462 δ”-ν
983 2388 1092 2484 perd
1115 2389 1298 2476 divisibile,
1331 2391 1444 2482 sicque
1469 2391 1627 2482 potestati
1654 2387 1690 2457 b⁶
1715 2387 1933 2482 respondebit
1958 2390 2127 2464 residuum
2153 2415 2180 2466 s.

258 2551 344 2622 206.
395 2550 432 2622 Si
456 2575 541 2647 ergo
582 2553 711 2624 numeri
746 2576 769 2621 ν
791 2551 839 2648 {et
877 2574 915 2624 rs
954 2557 1040 2622 iuter
1077 2551 1209 2624 residua
1247 2554 1471 2646 reperiantur,
1509 2561 1639 2622 certum
1672 2561 1725 2621 est
1754 2559 1791 2621 et
1815 2575 1992 2624 numerum
2016 2576 2033 2626 s
2057 2553 2182 2626 ibidem

161 2702 333 2786 repertum
360 2694 411 2764 iri.
463 2692 589 2778 Quodsi
617 2693 688 2789 jam
719 2697 821 2764 series
851 2692 1064 2766 residuorum
1105 2697 1143 2774 1,
1168 2719 1207 2781 α,
1233 2695 1281 2780 β,
1307 2716 1348 2781 γ,
1374 2685 1413 2779 δ,
1439 2703 1523 2779 etc„
1550 2713 1694 2788 quorum
1719 2713 1878 2764 uumerus
1909 2705 1961 2766 est
1986 2719 2085 2783 ενι,
2111 2717 2180 2769 uon

161 2853 277 2902 omues
315 2853 473 2904 numeros
508 2835 582 2926 ipso
613 2834 638 2904 d
671 2835 832 2920 minores,
870 2831 914 2903 ad
952 2855 1096 2926 eumque
1134 2835 1259 2926 primos
1298 2831 1560 2926 complectatur,
1599 2853 1742 2926 quorum
1779 2832 1961 2906 multitudo
1998 2845 2051 2905 est
2076 2867 2123 2900 =
2137 2861 2179 2925 μ,

161 2969 296 3041 dabitur
319 2993 408 3041 uuus
434 2973 606 3066 pluresve,
632 2994 717 3066 quos
743 2975 777 3041 in
803 2971 944 3042 classem
970 2969 1271 3042 nou-residuorum
1297 2965 1414 3041 relerri
1440 2981 1586 3064 oportet.

255 3137 340 3207 207.
391 3135 445 3207 Sit
469 3159 497 3204 c
522 3136 588 3205 tale
615 3133 892 3220 nou-residuum,
931 3156 971 3204 ac
997 3129 1210 3204 manifestum
1247 3143 1300 3204 est
1323 3135 1424 3203 etiam
1448 3133 1514 3205 bos
1537 3155 1697 3206 numeros
1733 3157 1798 3221 um,
1823 3136 1898 3220 βω,
1925 3159 1992 3225 yn,
2020 3130 2084 3225 dac,
2112 3149 2179 3212 etc.

162 3277 251 3346 iuter
275 3273 497 3345 uon-residua
523 3277 679 3368 reperiri,
711 3297 788 3344 narn
814 3275 842 3344 si
866 3296 916 3342 aa
940 3275 976 3342 in
1000 3271 1145 3343 residuis
1175 3275 1396 3356 inveniretur,
1434 3275 1513 3366 qnia
1538 3299 1562 3340 α
1586 3271 1708 3342 ibidem
1735 3284 1841 3358 extat,
1880 3277 1978 3344 etiam
2004 3299 2031 3344 a·
2055 3277 2179 3348 ibidem

160 3417 303 3508 reperiri
329 3413 481 3499 deberet,
508 3423 626 3484 contra
645 3411 859 3506 hypothesin.
911 3409 960 3482 Ex
983 3415 1085 3482 unico
1105 3433 1188 3505 ergo
1212 3411 1440 3483 uonssresiduo
1460 3411 1649 3482 necessario
1669 3421 1858 3504 sequuntur
1882 3423 1935 3483 tot
1953 3415 2178 3488 nou-residua

159 3565 245 3649 quot
269 3553 435 3626 habentur
460 3553 610 3639 residua,
647 3553 777 3624 scilicet
801 3573 943 3624 numero
970 3574 1004 3622 n.
1055 3549 1143 3622 Sunt
1172 3555 1260 3621 enim
1285 3549 1371 3621 haec
1396 3549 1617 3622 nou-residua
1648 3551 1736 3620 iuter
1766 3572 1801 3619 se
1832 3573 1936 3645 aeque
1968 3551 2112 3647 disparia
2136 3579 2177 3627 ac

162 3697 232 3787 ipsa
259 3693 395 3766 residua
424 3698 460 3780 1,
487 3720 520 3778 α,
546 3694 587 3778 β,
608 3719 645 3783 y,
671 3685 707 3780 δ,
733 3701 799 3762 etc.
824 3693 912 3762 acsi
937 3691 983 3762 ibi
1010 3687 1079 3761 duo
1105 3691 1255 3784 aequalia
1282 3687 1458 3778 darentur,
1485 3691 1585 3760 etiam
1605 3687 1661 3760 bic
1686 3691 1765 3761 talin
1791 3713 1863 3762 esse
1887 3691 2058 3783 deberent,
2082 3698 2176 3793 quod

160 3831 250 3906 loret
273 3831 456 3906 absurdum
483 3831 546 3928 (ii).
642 3826 644 3834 ’

258 3996 343 4066 208.
394 3991 514 4064 Statim
540 4005 747 4088 arguatque
778 4005 830 4064 est
854 3998 998 4086 νκμ,
1024 3993 1068 4066 ad
1094 3995 1266 4065 minimum
1298 3989 1421 4063 dant'ur
1445 4015 1468 4062 n
1494 3993 1734 4082 nou-residua,
1773 4019 1857 4089 qnae
1889 4001 1916 4068 si
1943 4001 2053 4070 omnia
2080 4021 2176 4070 cour·

161 4133 371 4229 plectantur,
405 4135 469 4204 erit
493 4143 562 4202 tam
588 4132 797 4204 residuorum
821 4156 922 4227 quam
955 4132 1254 4204 nou-residuorum
1284 4153 1444 4202 numerus
1469 4154 1666 4219 :n-r-n,
1693 4137 1754 4227 ipsi
1779 4161 1811 4226 μ
1834 4135 2045 4230 aequandus,
2084 4135 2175 4209 uude

160 4283 200 4361 fit
225 4268 381 4404 ηεξ-ς
406 4289 486 4358 binc
512 4293 539 4358 si
566 4311 590 4358 rr
606 4294 647 4367 <
663 4313 712 4378 μ,
736 4282 810 4359 fleri
836 4291 967 4383 nequit,
998 4299 1038 4360 ut
1062 4310 1220 4360 numerus
1246 4285 1455 4358 residuorum
1480 4309 1504 4356 rr
1527 4290 1699 4358 semissem
1724 4293 1855 4362 numeri
1880 4316 1912 4381 μ
1936 4304 2081 4386 superet

258 4445 343 4516 209.
394 4443 428 4516 Si
460 4447 494 4514 iu
527 4442 628 4516 modo
658 4447 817 4537 expositis
848 4444 1088 4515 uon-residuis
1118 4467 1161 4523 ω,
1192 4467 1258 4526 uc,
1289 4445 1366 4529 βω,
1399 4466 1467 4533 yn,
1498 4417 1566 4515 otc.
1609 4466 1676 4514 nou
1707 4448 1819 4516 omnia
1856 4457 2052 4534 occurrant,
2083 4452 2176 4539 sity

161 4605 320 4658 uumerus
349 4583 432 4662 <d
454 4584 499 4655 ad
524 4607 667 4679 eumque
693 4587 838 4678 primus,
874 4587 932 4680 qui
962 4606 1070 4678 neque
1096 4569 1138 4654 iu¹
1155 4583 1209 4654 bis
1247 4583 1487 4656 non-residuis
1524 4606 1632 4678 nequo
1659 4584 1803 4656 residuis
1826 4589 2028 4678 reperiatur,
2072 4599 2173 4682 atque

163 4725 260 4794 simili
287 4723 388 4795 modo
426 4727 524 4793 etiarn
551 4722 584 4793 bi
612 4725 740 4795 numeri
770 4747 833 4814 ny,
858 4724 932 4812 βγ,
959 4745 1026 4813 γγ,
1066 4732 1133 4792 etc.
1171 4743 1190 4790 a
1222 4719 1502 4814 praecedentibus
1537 4719 1677 4808 diversi,
1714 4717 1757 4792 ad
1795 4721 2018 4794 non-residua
2055 4687 2173 4798 referri

162 4858 304 4948 debent,
329 4863 442 4956 sicque
468 4861 580 4934 denuo
605 4885 628 4931 n
653 4864 781 4934 numeri
806 4860 848 4931 ad
873 4859 1104 4932 nou-residua
1130 4857 1308 4930 accedunt.

258 5025 342 5094 210.
395 5022 509 5094 Sibis
539 5021 672 5094 duobus
698 5023 871 5096 ordinibus
902 5019 1052 5092 nondum
1078 5023 1187 5092 omnia
1220 5018 1451 5094 nou-residua
1485 5020 1740 5108 exhauriantur,
1772 5043 1879 5092 novus
1910 5020 1995 5094 ordo
2020 5023 2171 5112 accedet,

161 5165 285 5254 pariter
323 5184 346 5231 n
382 5163 533 5231 terminis
558 5171 732 5249 constans,
769 5184 810 5232 ac
839 5157 982 5234 fortasse
1013 5159 1126 5231 denuo
1157 5181 1267 5231 novus
1303 5156 1445 5230 totidem
1474 5169 1634 5230 constans
1662 5161 1832 5242 terminis3
1871 5159 1961 5232 uude
2002 5164 2175 5256 colligitur

164 5307 340 5374 numerum
365 5301 513 5372 omnium
538 5298 865 5386 uon-residuorum,
892 5301 956 5369 nisi
975 5301 1020 5370 sit
1039 5298 1171 5384 nullus,
1198 5298 1251 5368 vel
1269 5300 1332 5392 ipsi
1351 5319 1493 5369 nurnero
1518 5320 1558 5384 n,
1583 5298 1637 5368 vel
1654 5298 1727 5392 ejus
1746 5296 1867 5391 duplo,
1894 5299 1947 5371 vel
1973 5303 2090 5394 triplo,
2121 5301 2173 5373 vel

161 5441 195 5510 in
220 5462 346 5535 genere
372 5439 528 5532 multiplo
554 5443 742 5533 cuicunque
768 5442 913 5533 aequari.
1015 5521 1021 5526 ,

254 5602 338 5671 211.
390 5597 473 5670 Cum
501 5601 605 5690 igitur
629 5601 741 5670 omnia
767 5597 1000 5669 nou-residua
1036 5620 1103 5669 una
1130 5620 1208 5668 cum
1233 5595 1380 5668 residuis
1405 5597 1654 5670 multitudinem
1686 5603 1835 5671 omnium
1859 5620 2074 5669 numerorum
2101 5601 2172 5693 ipso

161 5737 304 5810 divisore
341 5737 558 5808 dmiuorum
589 5736 631 5808 ad
672 5760 815 5831 eumque
853 5738 1036 5830 primorum
1072 5735 1245 5806 exhaurire
1282 5734 1443 5822 debeant,
1480 5739 1545 5806 erit
1573 5738 1628 5808 vel
1653 5761 1736 5808 n=
1749 5763 1796 5828 μ,
1819 5737 1876 5807 rel
1912 5739 2024 5807 2n=
2038 5762 2085 5827 μ,
2117 5737 2171 5810 vel

166 5879 272 5950 aa:
285 5903 316 5966 μ
339 5887 407 5948 etc.
433 5878 548 5969 sicque
573 5897 705 5970 semper
729 5897 899 5970 exponens
925 5896 948 5944 n
970 5883 1023 5944 est
1047 5895 1125 5968 pars
1148 5873 1295 5968 aliquota
1321 5875 1451 5945 numeri
1474 5901 1517 5967 μ.

289 6059 323 6136 (⁴¹)
368 6057 472 6138 Seript.
503 6061 541 6120 od
568 6079 660 6139 murp.
706 6057 737 6120 si
752 6079 776 6122 c
791 6067 855 6139 etp
880 6057 1094 6152 uon-residua,
1117 6057 1365 6138 erity=ucet
1379 6079 1570 6140 uy=ucc3
1589 6057 1697 6142 iamsi
1722 6077 1870 6121 numerus
1894 6057 2173 6122 nou-residuorum

365 6187 408 6220 =
422 6182 552 6226 numero
567 6165 778 6238 residuorum,
805 6163 1075 6226 demonstrandum
1094 6172 1142 6227 est
1157 6183 1206 6227 un
1224 6164 1304 6229 inter
1321 6165 1445 6228 residua
1466 6165 1624 6228 contineri.

267 6299 291 6344 ι.
311 6300 417 6345 xererr
437 6303 596 6358 cernuum
620 6303 643 6346 r.
656 6303 674 6345 r.
1940 6291 1962 6358 b
