5166 7072
430 565 482 645 86
635 493 638 499 ’
936 558 939 566 ·
1029 561 1070 642 c.
1102 558 1320 646 euentu
1352 563 1518 646 ornas
1550 565 1840 649 rossanus.
2257 597 2439 667 scam.

427 783 634 880 temporibus
652 781 826 854 Lutberi
849 783 940 854 vixit.
966 781 1039 868 ilic,
1065 795 1106 855 ut
1125 786 1292 878 specimen
1310 785 1491 879 singularis
1509 785 1683 876 analyseos
1701 765 1848 875 afferret,
1868 789 1923 860 cui
1943 786 2126 862 enodando
2145 795 2334 865 communia
2352 793 2439 890 alge-

427 925 506 995 brae
531 935 705 1018 praecepta
725 946 794 996 non
814 918 1029 1010 sufficerent,
1054 927 1258 996 mentionem
1278 923 1358 998 iecit
1376 926 1610 1021 problematis,
1635 950 1703 1022 qno
1721 926 1792 1000 duo
1811 931 1941 998 numeri
1963 931 2009 1001 ita
2027 923 2142 1002 allecti
2159 943 2381 1028 quaeruntur,
2405 947 2438 1008 ut

427 1086 543 1135 omnes
567 1074 680 1160 partes
703 1065 870 1160 aliquotae
897 1067 1036 1136 minoris
1059 1069 1207 1151 numeri,
1240 1067 1340 1138 simui
1365 1077 1514 1154 sumtae,
1541 1068 1701 1164 majorem
1726 1089 1921 1156 numerum,
1959 1093 2000 1141 ac
2025 1073 2171 1144 vicissim
2197 1095 2315 1146 omnes
2338 1085 2439 1169 partes

427 1206 596 1300 aliquotae
619 1206 757 1302 maJoris
782 1208 929 1293 numeri,
955 1205 1054 1276 simul
1080 1215 1226 1292 sumtae,
1251 1209 1415 1279 minorem
1439 1229 1615 1280 numerum
1641 1195 1847 1304 producant:
1872 1211 2022 1306 talesque
2048 1234 2205 1285 numeros
2230 1217 2357 1286 inrenit
2374 1219 2438 1288 tto

427 1359 462 1417 et
493 1350 577 1418 28i.
629 1347 843 1420 cortesius
867 1350 966 1418 etiam
992 1344 1060 1418 hoe
1091 1347 1262 1441 problema
1293 1346 1437 1442 dignum
1461 1348 1645 1444 judicarit,
1684 1352 1718 1420 in
1743 1372 1812 1444 quo
1836 1349 2001 1425 solvendo
2033 1356 2121 1424 vires
2146 1363 2223 1425 suas
2247 1355 2437 1450 exploraret,

427 1492 577 1584 aliosque
603 1492 738 1584 insuper
762 1471 958 1584 hujusmodi
984 1507 1141 1558 numeros
1161 1486 1287 1572 elicuit,
1313 1491 1370 1582 qui
1391 1491 1451 1560 ista
1471 1491 1675 1584 proprietate
1696 1487 1901 1587 gauderent:
1926 1501 2028 1588 atque
2047 1493 2200 1586 regulam
2220 1495 2438 1590 investigarit,

427 1631 525 1725 eujus
561 1652 626 1724 ope
662 1629 775 1724 plures
806 1625 994 1700 istiusmodi
1026 1630 1156 1698 numeri
1188 1631 1326 1722 reperiri
1359 1641 1521 1723 possunt,
1554 1651 1671 1723 quam,
1686 1627 1939 1703 Schotenius
1964 1635 1998 1702 in
2023 1631 2291 1706 Exercitionibus
2316 1635 2439 1707 matho-

428 1773 557 1842 maticis
594 1773 759 1865 esposuit.
810 1769 926 1864 Neque
965 1790 1045 1839 vero
1086 1767 1171 1841 haee
1202 1771 1322 1866 regula
1353 1781 1406 1842 est
1435 1769 1618 1866 generalis,
1656 1793 1766 1866 neque
1797 1773 1910 1868 plures
1933 1796 2035 1868 quam
2061 1783 2131 1846 tres
2156 1774 2341 1848 solutiones
2365 1798 2439 1872 snp-

429 1909 579 2006 peditare
604 1910 703 1981 valet.

524 2047 606 2149 5³.
656 2049 805 2122 Pertinet
841 2053 946 2144 igitur
980 2049 1065 2122 baec
1096 2055 1247 2147 quaestio
1277 2053 1322 2125 ad
1351 2052 1386 2125 id
1410 2077 1534 2149 genus,
1573 2052 1666 2151 quod
1690 2057 1725 2126 in
1745 2053 2030 2150 mntemplatione
2056 2057 2199 2152 partium
2225 2055 2440 2151 aliquotarmt

428 2204 596 2274 versatur:
622 2213 706 2286 quae
733 2191 888 2262 doctrina
913 2215 991 2264 eum
1017 2215 1037 2263 a
1062 2204 1182 2265 natura
1210 2197 1435 2288 quantitatum
1461 2199 1715 2283 continuarum,
1741 2195 1785 2268 ad
1809 2219 1892 2292 quas
1916 2197 2060 2290 anaiysis
2083 2199 2216 2293 proprie
2239 2206 2292 2268 est
2308 2217 2440 2269 accom-

426 2331 577 2419 modata,
616 2332 795 2427 plurimum
822 2331 1017 2420 abhorreat,
1056 2356 1193 2430 prorsus
1216 2336 1379 2430 singulari
1404 2334 1507 2408 modo
1531 2339 1668 2408 tractari
1694 2335 1811 2424 debet,
1837 2339 1900 2408 nisi
1927 2336 2092 2409 tentando
2115 2337 2319 2410 solutionem
2345 2301 2449 2431 expe-⁹

424 2473 496 2554 dire
529 2471 684 2554 velimus.
733 2471 931 2566 Quanquam
958 2485 1074 2550 anum
1104 2472 1359 2552 Schoteuius
1387 2473 1432 2550 ad
1456 2475 1648 2574 husjusmodi
1681 2477 1887 2574 problemata
1911 2477 2073 2574 solvenda
2099 2489 2224 2550 cenam
2249 2476 2439 2572 methodum

310 2579 314 2587 ι
423 2613 487 2696 ribi
512 2615 725 2708 proposuisse
753 2610 900 2698 videtur,
940 2613 1021 2694 dum
1047 2640 1144 2692 mum
1168 2617 1291 2692 calculi
1317 2617 1474 2710 analytici
1498 2617 1714 2691 introducere
1739 2629 1791 2690 est
1815 2630 1974 2704 conatus:
2011 2627 2125 2714 umen
2153 2620 2181 2691 si
2207 2619 2282 2716 eius
2305 2620 2440 2712 ratipci·

329 2775 335 2783 “
424 2755 516 2834 nictu
542 2755 703 2836 :moetus
729 2755 961 2846 inspiciamus,
987 2760 1164 2852 praecipua
1187 2758 1367 2832 solutionis
1393 2781 1469 2854 pars
1493 2761 1530 2832 in
1552 2781 1642 2832 mera
1666 2763 1855 2834 tentatione
1879 2763 2051 2849 consistit,
2077 2771 2178 2855 atque
2204 2761 2302 2834 omni·
2321 2754 2456 2861 iiuada·¹

425 2903 540 2974 meato
564 2892 775 2974 destituitur.
825 2893 967 2968 Temere
994 2899 1084 2978 enim
1108 2920 1169 2993 pro
1193 2897 1389 2995 huJusmodi
1412 2903 1560 2972 numeris
1585 2910 1696 2972 certas
1720 2903 1860 2974 assumit
1883 2897 2060 2989 lermrrlas,
2087 2899 2263 2996 inquibus
2281 2921 2441 2973 numeros

426 3035 568 3113 idoneos
591 3037 755 3112 contineri
779 3038 985 3130 suspicatur,
1011 3057 1089 3110 eum
1114 3050 1228 3118 umen
1251 3039 1372 3117 eodem
1394 3039 1474 3136 jure
1500 3042 1634 3135 quaeris
1659 3043 1742 3118 elias
1760 3065 1930 3136 assumere
1949 3044 2253 3137 potuisset:'atque
2271 3043 2308 3114 in
2324 3040 2439 3114 barum

424 3181 569 3278 ipsarum
605 3171 827 3251 formularum
848 3177 1058 3258 evolutione
1095 3179 1276 3278 plurimum
1312 3185 1404 3255 casui
1436 3192 1472 3254 et
1502 3177 1660 3258 fortunae
1692 3183 1869 3276 tribuitur:
1908 3181 2000 3259 unde
2029 3177 2244 3256 Stiselium
2273 3182 2439 3256 immerito
2497 3209 2499 3213 ·

424 3314 657 3411 reprehendit,
693 3315 787 3410 quod
810 3321 994 3412 putauerit,
1025 3318 1227 3396 solutionem
1252 3319 1449 3416 hujusmodi
1475 3322 1719 3417 problematum
1743 3326 1778 3394 in
1804 3331 1904 3404 corta,
1922 3319 2085 3412 methodo
2109 3319 2352 3417 comprehendi
2375 3343 2440 3396 non

424 3477 533 3552 posse.
584 3455 672 3541 Quin
709 3459 822 3558 potius
856 3459 961 3552 tgtrm
998 3463 1063 3536 erit
1091 3456 1285 3549 fatendum,
1323 3483 1397 3534 eam
1426 3462 1599 3555 analpseoe
1629 3473 1778 3559 partera,
1813 3487 1900 3559 quac
1924 3465 2191 3535 inscrutatione
2215 3463 2439 3558 quantitatum

423 3599 644 3672 discretarum
670 3609 842 3684 versatur,
876 3602 1015 3676 mauce
1039 3597 1155 3676 adhuc
1179 3623 1251 3674 essa
1274 3600 1523 3697 imperfectam,
1561 3614 1720 3699 certaque
1745 3607 1923 3700 principia,
1964 3603 2087 3700 quibus
2116 3625 2155 3674 ca
2180 3611 2438 3698 snpsrssrrutpr,
2570 3569 2572 3606 r

422 3743 524 3812 etiam
561 3759 653 3812 aune
690 3735 884 3814 desiderari.
933 3739 1048 3834 Atque
1086 3743 1130 3814 ob
1167 3741 1258 3814 hune
1295 3745 1404 3837 ipsum
1442 3745 1680 3840 principiorum
1716 3740 1888 3818 deiectum
1925 3745 1969 3818 ad
2004 3741 2198 3843 hujusmodi
2234 3742 2441 3838 problemata
2571 3775 2572 3826 ῑ

424 3883 592 3952 numerica
628 3855 830 3952 resolvenda
858 3879 1039 3974 plurimum
1069 3883 1226 3955 solertiae
1257 3893 1293 3955 et
1322 3888 1546 3981 perspicaciae
1568 3888 1769 3981 requiritur:
1807 3897 1843 3958 et
1867 3887 2065 3982 pierumque
2086 3883 2251 3980 aiagulari
2273 3885 2439 3978 mtie‘qiaii

423 4041 546 4114 genus
586 4042 672 4114 open
708 4028 778 4108 est,
817 4023 852 4092 in
887 4043 955 4116 quo
992 4023 1131 4094 maxima
1162 4026 1290 4117 ingenii
1321 4028 1372 4096 ris
1402 4029 1561 4097 cernitur.
1613 4025 1773 4122 liancque
1802 4027 1848 4099 ob
1878 4049 2029 4114 eausam,
2069 4027 2198 4101 etiamsi
2223 4027 2292 4120 ipsi
2317 4023 2440 4111 herm

412 4159 667 4253 'problematum
692 4159 815 4233 solutio
837 4163 876 4232 in
899 4161 1024 4253 analysi
1048 4182 1165 4256 pamm
1189 4165 1345 4236 utilitatis
1368 4165 1494 4238 babere
1518 4163 1690 4253 rideatur,
1728 4177 1844 4238 umen
1868 4165 2065 4254 methodus,
2095 4189 2160 4261 qua
2185 4175 2238 4241 tut
2261 4175 2442 4260 lautaque

423 4291 646 4372 difficultates
675 4311 892 4395 superamur,
928 4297 1014 4375 lines
1045 4303 1217 4396 analyseos
1250 4327 1321 4377 non
1345 4303 1560 4396 mediocriter
1584 4329 1784 4402 promovere
1808 4318 1861 4378 est
1884 4305 2063 4389 censenda.
2115 4306 2190 4392 Quo
2215 4304 2329 4400 pierres
2355 4305 2440 4378 emm

422 4437 573 4512 diversae
599 4443 671 4512 riae
696 4439 740 4512 ad
764 4444 942 4514 veritatem
966 4441 1189 4539 indagandam
1214 4447 1428 4540 aperiuntur,
1464 4471 1509 4520 eo
1538 4449 1663 4544 majora
1688 4450 1892 4520 incrementa
1918 4449 1988 4544 ipsa
2018 4469 2074 4520 ars
2097 4443 2288 4518 inveniendi
2313 4449 2440 4540 cepisse

423 4589 476 4649 est
499 4549 729 4652 existimanda.
772 4679 773 4683 Ἰ

520 4717 601 4818 St.
653 4721 944 4811 Quemadmodum
975 4729 1010 4796 in
1040 4729 1196 4798 universa
1226 4725 1349 4819 analysi
1379 4751 1463 4802 usus
1488 4727 1687 4803 idoneorum
1712 4732 1887 4824 signorum
1914 4727 2097 4825 plurimum
2119 4727 2227 4814 raim,
2267 4730 2315 4800 ita
2341 4729 2441 4798 etiam

421 4869 456 4936 in
480 4862 549 4936 boc
573 4885 718 4958 genere,
755 4861 964 4958 quodcirca
988 4865 1152 4940 divisores
1177 4879 1212 4939 et
1236 4880 1347 4964 partes
1371 4871 1537 4966 aliquotas
1561 4893 1781 4944 numerorum
1804 4873 2008 4956 instimitar,
2045 4891 2115 4942 nou
2143 4891 2260 4963 parum
2285 4867 2442 4942 utilitatis

421 5003 643 5092 acommoda
668 5003 868 5108 designandi
894 5008 1024 5079 ratione
1048 5009 1114 5078 erit
1137 5008 1408 5103 exspectandum.
1458 5009 1625 5085 Numeros
1650 5015 1772 5106 igitur,-
1803 5035 1887 5107 qnos
1912 5011 1970 5082 hie
1994 5011 2051 5088 ret
2077 5010 2363 5104 contemplamur,
2388 5007 2441 5079 rel

420 5148 624 5240 quaerimus,
662 5145 783 5217 litteris
807 5145 978 5251 alphabeti
1003 5150 1202 5222 minusculis
1227 5148 1402 5239 indicabo,
1440 5147 1560 5224 litteris
1592 5174 1671 5224 vero
1697 5153 1891 5248 majusculis
1915 5162 1993 5224 utar
2015 5149 2059 5223 ad
2083 5171 2230 5242 summas
2253 5147 2440 5222 divisorum

420 5307 537 5358 omum
572 5307 806 5368 numerorum,
843 5289 902 5382 qni
938 5290 1220 5385 respondentibus
1257 5293 1454 5366 minusculis
1490 5293 1712 5382 exhibentur,
1748 5291 2057 5388 repraesentandae.
2108 5291 2161 5364 ita
2188 5292 2217 5362 si
2248 5313 2271 5362 c
2298 5287 2442 5364 denotet

420 5447 599 5498 numerum
629 5449 864 5524 quemcunque
894 5431 1066 5526 integrum
1090 5443 1127 5504 ot
1148 5428 1407 5522 affirmativum,
1445 5432 1637 5531 eujusmodi
1656 5457 1819 5506 ,numerus
1842 5437 1879 5506 in
1901 5433 1969 5524 hoc
1993 5435 2133 5528 negotio
2158 5451 2290 5525 smper
2313 5429 2443 5506 iutelli-

420 5589 500 5661 gexe
525 5575 678 5661 oportet,
716 5567 829 5642 littera
856 5571 1039 5668 majuscula
1063 5574 1271 5669 respondeus
1294 5573 1329 5648 A
1353 5573 1514 5659 indicabit
1537 5594 1699 5648 mamam
1724 5577 1873 5648 omnium
1899 5573 2088 5648 diuisurum
2114 5573 2244 5666 numeri
2266 5593 2300 5642 a.
2332 5567 2442 5644 Simili

420 5704 522 5784 modo
559 5705 693 5779 litterae
723 5707 772 5794 B,
805 5711 848 5798 C,
881 5710 931 5796 D,
963 5723 1030 5783 etc.
1068 5717 1255 5809 expriment
1282 5719 1319 5786 in
1350 5725 1524 5810 postcrura
1551 5737 1698 5788 summas
1727 5713 1911 5806 divisorum
1934 5733 2155 5804 numerorum
2180 5710 2220 5797 b,
2244 5733 2279 5798 e,
2303 5709 2345 5796 d,
2373 5718 2442 5782 ete.

419 5847 603 5920 scilicetsi
629 5851 676 5920 sit
699 5871 782 5921 a:
801 5852 862 5939 ¹0,
887 5853 951 5922 erit
973 5847 1065 5924 A:
1081 5856 1141 5940 ts,
1173 5865 1209 5925 et
1231 5857 1259 5926 si
1285 5855 1444 5942 babil,
1474 5857 1541 5928 erit
1566 5857 1731 5933 Rath.
1765 5855 1848 5928 Cum
1867 5857 1973 5950 igitur
1992 5853 2309 5950 cnjrmquemnmeri
2328 5861 2444 5946 partes

418 5985 586 6082 aliquotae
616 5991 686 6062 airtt
715 5985 866 6084 ejusdem
894 5987 1077 6080 divisores,
1113 5995 1189 6088 ipso
1213 5993 1275 6085 illo
1299 6017 1443 6085 numeru
1466 6006 1625 6091 excepto,
1662 6001 1738 6093 qui,
1775 5998 1837 6069 etsi
1862 5999 1915 6069 sni
1939 5996 2043 6089 ipsius
2066 6003 2120 6066 est
2144 5990 2291 6076 dirism,
2326 5999 2445 6062 tmen

351 6091 356 6103 ¹
419 6125 570 6219 partibus
594 6125 753 6222 aliquotia
772 6139 843 6202 non
861 6141 1123 6221 annauaatur,
1141 6147 1270 6232 summa
1290 6135 1437 6231 pubem
1456 6136 1679 6232 aliquotamm
1697 6137 1826 6214 numeri
1843 6137 1947 6236 cuerit
1965 6130 2148 6220 :A-a,
2176 6134 2241 6206 nisi
2257 6133 2305 6212 sit
2322 6152 2402 6202 ιε
2415 6137 2444 6200 t.
