5108 7080
994 540 1039 624 L.
1067 539 1287 624 EULERl
1321 539 1491 626 OPERA
1518 529 1808 628 Posvttttttt.
2052 547 2057 556 ’
2257 575 2390 660 mapsa
2426 564 2428 568 ’

1256 769 1258 774 ·
1284 749 1445 834 caput
1470 751 1524 816 v.

933 879 999 942 .De
1024 877 1197 942 inventione
1223 895 1379 942 ramorum
1406 878 1438 940 in
1466 878 1620 943 inlinitum
1646 887 1855 944 extensarum.

494 1015 526 1084 t.
577 1009 613 1083 Si
638 1019 717 1106 p'ars
742 1010 917 1106 quaepiam
942 1008 1050 1083 lineae
1076 1031 1199 1080 curvae
1225 1011 1260 1079 in
1285 1000 1456 1079 inlinitum
1482 1006 1694 1094 extenditur,
1727 1009 1803 1105 ejus
1822 1017 1956 1103 'puncta
1981 1030 2000 1079 a
2022 1009 2192 1105 'principio
2217 1013 2288 1112 axis
2311 1015 2405 1100 iuter·

394 1151 483 1224 vallo
507 1145 642 1226 infinito
667 1149 814 1234 distant,
838 1172 1061 1246 quaecunque
1086 1151 1187 1220 etiam
1212 1147 1300 1220 linea
1325 1159 1422 1220 recta
1447 1171 1509 1244 pro
1534 1171 1596 1220 axe
1621 1160 1820 1222 assumatur.
1871 1147 1956 1220 llinc
1982 1151 2010 1220 si
2034 1149 2202 1224 abscissae
2226 1175 2269 1239 aa,
2297 1153 2405 1250 quibus

256 1301 260 1308 '
393 1296 477 1364 rami
504 1287 625 1366 infiniti
650 1289 874 1388 respondent,
906 1291 961 1362 ve'l
986 1300 1206 1378 evanescant,
1237 1289 1291 1362 vel
1316 1292 1386 1360 sint
1410 1283 1528 1362 linitae
1556 1290 1816 1386 magnitudinis,
1845 1289 2031 1388 applicatae
2054 1315 2081 1382 y
2104 1295 2296 1364 necessario
2320 1307 2408 1369 erunt

392 1428 525 1506 infinite
550 1456 710 1530 magnae;
740 1455 781 1505 ac
806 1433 969 1528 vicissim,
996 1434 1022 1504 si
1049 1432 1234 1528 applicatae
1259 1433 1327 1503 sint
1352 1431 1406 1502 vel
1432 1443 1672 1524 evanescentes
1697 1431 1750 1504 vel
1773 1427 1944 1518 inliraitae,
1970 1431 2136 1504 abscissae
2161 1443 2265 1508 erunt
2288 1427 2407 1510 inbuite

393 1597 547 1670 magnae.
598 1574 848 1671 Saepenumero
877 1575 980 1646 etiam
1012 1575 1137 1660 evenit,
1172 1582 1212 1645 nt
1241 1583 1311 1644 tam
1338 1571 1505 1646 abscissae
1534 1596 1633 1670 quam
1672 1573 1860 1668 applicatae
1891 1575 1926 1644 in
1954 1567 2091 1646 linitum
2113 1573 2255 1664 abeant.
2306 1573 2406 1664 Quare

392 1715 594 1812 quacunque
619 1715 706 1812 linea
731 1725 823 1787 recta
847 1736 910 1810 pro
941 1736 1001 1785 axe
1030 1725 1193 1802 emunata,
1224 1735 1340 1785 omnes
1365 1736 1489 1787 curvae
1515 1717 1597 1788 rami
1623 1716 1657 1786 in
1681 1707 1851 1787 inlinitum
1881 1724 2098 1788 excurrentes
2127 1717 2355 1805 invenientur,
2383 1719 2407 1790 si

392 1856 668 1931 coordinatarum
685 1881 712 1928 a
729 1866 808 1948 etp·
828 1855 881 1926 vel
899 1853 1005 1928 altera
1025 1854 1079 1926 vel
1098 1865 1241 1950 utraque
1261 1847 1393 1926 infinita
1412 1865 1568 1952 ponatur.
1605 1853 1664 1928 Sic
1687 1857 1724 1928 in
1748 1857 2000 1928 enumeratione
2023 1859 2148 1929 situum
2167 1839 2309 1951 regulae
2328 1860 2409 1930 circa

391 1992 495 2070 finem
520 1999 639 2093 capitis
663 1994 899 2102 praecedenu's
922 1991 1029 2082 iacta,
1056 2006 1170 2070 sextus
1194 2019 1271 2070 cnm
1295 1994 1514 2092 sequentibus
1537 1995 1693 2068 omnibus
1717 2018 1828 2070 ramos
1849 1999 1886 2070 in
1911 1990 2081 2073 inlinitum
2103 2007 2261 2072 extensos
2279 1995 2407 2106 indicat

491 2141 526 2211 2.
577 2139 775 2233 Quanquam
796 2147 913 2210 auum
937 2135 1023 2212 baec
1047 2157 1218 2212 ramorum
1244 2139 1278 2208 in
1304 2130 1473 2208 infinitum
1499 2147 1713 2212 extensarum
1739 2139 1889 2216 inventio
1914 2139 1949 2212 in
1972 2140 2081 2234 capite
2098 2137 2326 2238 praecedente
2345 2139 2410 2237 jam
2541 2133 2545 2140 ’

252 2279 255 2282 ’
391 2282 540 2376 exposita
564 2278 714 2368 videtur,
746 2278 805 2351 ubi
835 2300 897 2372 per
926 2277 1066 2372 regulae
1097 2275 1355 2373 applicationem
1384 2275 1429 2350 ad
1459 2276 1808 2372 parallelogrammum
1840 2276 2099 2354 Neutonianum
2125 2277 2274 2354 indolem
2299 2302 2409 2352 eorum

391 2444 515 2496 curvae
535 2441 717 2508 ramorum,
742 2418 946 2515 pro-quibus
966 2419 1020 2490 vel
1040 2393 1204 2492 alterutra
1230 2417 1504 2492 coordinatarnm
1520 2419 1576 2492 vel
1600 2429 1742 2514 utraque
1765 2422 1800 2492 in
1823 2413 1994 2496 inlinitum
2016 2419 2100 2510 abit,
2125 2423 2410 2516 investigavimus,

390 2573 504 2636 tamen
528 2565 768 2658 saepenumero
793 2561 996 2633 accuratiori
1021 2561 1283 2656 investigatione
1304 2581 1396 2654 opus
1420 2569 1489 2647 est,
1522 2581 1600 2634 cun
1626 2557 1669 2636 ed
1695 2557 1808 2636 veram
1833 2564 2007 2656 tangente
2031 2565 2249 2658 positionem,
2275 2572 2352 2636 tum
2374 2559 2412 2634 ad

389 2715 545 2802 naturam
570 2707 674 2799 ipsam
700 2703 790 2774 illins
814 2675 939 2776 curvae
965 2703 1129 2796 portionis
1151 2694 1399 2789 deliniendam,
1429 2703 1478 2774 uti
1499 2699 1570 2798 jam
1595 2723 1696 2796 sarpra
1723 2703 1908 2776 innuimus·
1953 2702 2041 2788 Quin
2064 2668 2166 2778 etiam
2191 2699 2266 2778 lieri
2293 2715 2411 2800 potest,

389 2849 449 2941 qui
474 2867 573 2916 casus
598 2842 759 2946 imprimis
785 2853 865 2914 sunt
889 2839 1044 2925 notandi,
1069 2853 1109 2913 nt
1133 2863 1195 2936 per
1220 2843 1322 2914 situm
1351 2841 1488 2935 regulae
1513 2863 1627 2915 manus
1647 2865 1772 2915 esrrvae
1797 2845 1833 2915 in
1861 2837 2033 2916 inlinitum
2055 2856 2215 2918 amnena
2233 2845 2409 2936 indicetur,

389 2989 459 3082 quie
472 2999 584 3058 tamen
609 2987 637 3056 si
662 2986 870 3080 reliquorum
895 2979 1104 3078 aequationis
1128 2983 1349 3055 terminorum
1373 2985 1460 3054 ratio
1483 2983 1584 3056 simul
1604 2983 1780 3072 habeatnr,
1806 2977 1892 3058 liant
1917 2988 2114 3081 imaginarii.
2151 2988 2311 3085 Denique
2335 3012 2411 3064 usus

389 3127 689 3224 parallelogrammi
713 3137 793 3200 ante
816 3127 1140 3220 expositustantnm
1172 3121 1217 3194 ad
1248 3145 1371 3212 curvas
1401 3123 1625 3220 algebraicas,
1663 3147 1804 3222 quarum
1833 3129 2051 3224 aequationes
2080 3127 2124 3202 ad
2155 3130 2411 3226 rationalitatem

279 3365 282 3370 ¹
385 3268 458 3364 jam
480 3271 549 3342 sint
577 3267 775 3366 perductae,
807 3277 917 3364 pateta
954 3265 1044 3339 unde
1069 3268 1097 3338 si
1124 3263 1281 3362 aequatio
1307 3265 1363 3338 rel
1388 3267 1644 3340 irrationalitate
1672 3270 1718 3338 sit
1742 3268 1928 3366 implicata,
1960 3271 2012 3344 vel
2044 3269 2130 3344 adeo
2159 3271 2410 3362 transcendens,

279 3467 282 3474 .
390 3410 550 3506 peculiari
575 3396 748 3482 methodo
762 3398 848 3504 opus
871 3409 936 3480 erit
960 3406 1004 3480 ad
1029 3409 1098 3483 boc
1123 3409 1300 3502 negotium
1326 3406 1583 3502 expediendum.

490 3553 524 3622 3.
575 3549 715 3636 Quoties
740 3573 845 3623 curva
867 3561 921 3622 est
945 3547 1134 3645 algebraica
1159 3549 1299 3645 ejusque
1323 3551 1485 3644 aequatio
1506 3547 1551 3624 aa
1574 3551 1832 3624 rationalitatem
1860 3520 2036 3642 revocata,
2061 3550 2411 3650 parallelogrammum

391 3693 655 3770 Nevvtouiannm
681 3713 809 3765 summa
832 3713 911 3764 cum
936 3691 1083 3764 utilitate
1106 3687 1261 3762 adbiberi
1292 3700 1423 3786 potest,
1459 3713 1529 3764 non
1566 3691 1677 3766 solum
1714 3691 1758 3765 ad
1797 3716 1906 3768 veram
1944 3697 2130 3788 tangentis,
2146 3681 2350 3790 positionem
2379 3707 2412 3770 et

391 3809 514 3906 curiae
539 3842 693 3904 naturam
717 3854 779 3930 pro
805 3834 847 3903 iis
870 3855 1005 3928 qnoque
1030 3830 1163 3903 casibus
1189 3829 1382 3918 eruendam,
1408 3829 1533 3928 quibus
1557 3835 1715 3938 superior
1732 3832 1916 3908 methodus
1939 3829 2150 3906 insufficiens
2168 3847 2221 3908 est
2242 3839 2326 3923 visa,
2352 3837 2411 3908 nisi

388 3977 458 4047 axis
482 3995 605 4046 curvae
631 3975 845 4058 immutetur,
883 3971 943 4044 sed
973 3975 1074 4044 etiam
1106 3972 1180 4068 ejus
1208 3995 1271 4068 ope
1303 3995 1362 4044 eos
1387 3993 1486 4046 casm
1512 3971 1712 4068 dignoscere
1738 3975 1870 4058 licebit,
1906 3937 2031 4071 quibus
2060 3979 2144 4049 rami
2174 3969 2321 4068 infiniti,
2358 3979 2411 4078 qni

389 4116 495 4212 primo
522 4117 648 4188 iutuitu
664 4079 738 4220 iper
769 4117 871 4186 situm
898 4115 1037 4210 regulae
1069 4112 1216 4186 indicari
1236 4112 1412 4202 videntur,
1451 4108 1543 4186 liunt
1573 4117 1774 4210 imaginarii.
1825 4118 1906 4190 llari
1937 4129 2049 4190 autem
2069 4117 2274 4215 hujusmodi
2306 4143 2411 4210 casus,

273 4248 276 4256 ’
364 4259 492 4361 ,unico
523 4255 675 4352 exemplo
706 4275 830 4329 curvae
866 4255 932 4328 bac
961 4261 1158 4351 aequatione
1194 4269 1369 4352 expressae
1407 4255 2021 4352 (ry-aas)²-r-auyy÷a⁴=0
2051 4259 2215 4354 probasse
2250 4255 2409 4350 sufficiat,

390 4421 453 4495 pro
477 4420 542 4494 qua
567 4421 607 4469 ex
632 4387 947 4508 parallelogrammo
972 4398 1157 4470 eliciuntur
1187 4401 1270 4470 rami
1301 4399 1336 4468 in
1361 4389 1534 4468 inlinitum
1565 4401 1712 4486 extensi,
1742 4422 1885 4496 quorum
1910 4411 2032 4472 natura
2061 4403 2264 4495 exprimatur
2289 4423 2410 4496 aequa·

389 4543 480 4612 tione
503 4561 746 4631 yy-aae=
761 4544 797 4626 0,
836 4560 915 4610 cum
945 4549 1059 4610 mmen
1089 4561 1128 4610 ex
1158 4549 1228 4611 tota
1261 4540 1460 4634 aequatione
1492 4501 1650 4634 appareat
1680 4539 1806 4613 nullam
1843 4542 1943 4638 plane
1978 4539 2144 4614 linearum
2173 4541 2411 4646 curvarumei

390 4679 609 4776 respondere:
645 4683 816 4777 reperitur
852 4683 941 4752 enim
978 4673 1574 4776 yy-aac=ats-(au-r-yy),
1608 4682 1655 4752 ita
1688 4691 1728 4753 ut
1757 4681 1971 4779 nulli‘plane
2000 4684 2183 4780 applicatae
2209 4705 2238 4774 y
2263 4681 2409 4755 abscissa

388 4823 487 4894 realis
513 4819 726 4917 respondeat.
1056 4791 1061 4796 Ι
1165 4791 1171 4813 l
2082 4793 2084 4798 Ι

473 4969 522 5036 t.
574 4963 781 5056 intelligitur
805 4984 889 5057 ergo
913 4961 958 5034 ad
982 4973 1136 5034 naturam
1168 4983 1292 5034 curvae
1323 4964 1357 5033 io
1384 4957 1553 5036 inlinitum
1579 4987 1741 5062 expansae
1765 4967 1956 5040 accuratius
1979 4945 2265 5060 investigandam,
2298 4987 2408 5038 eornm

389 5129 524 5204 quoque
549 5107 758 5202 aequationis
780 5109 1019 5193 terminorum,
1044 5105 1102 5200 qui
1126 5126 1208 5200 prae
1233 5103 1290 5184 iis,
1316 5128 1403 5200 quos
1428 5107 1544 5200 regula
1569 5107 1717 5204 trajicit,
1746 5118 1843 5202 erant
1866 5107 2031 5204 neglecti,
2062 5109 2226 5180 rationem
2252 5129 2327 5180 esse
2350 5105 2409 5181 ba-

388 5248 550 5333 bendam;
576 5251 604 5322 si
629 5250 705 5348 quis
730 5247 967 5328 enimborum
992 5250 1225 5338 terminorum,
1252 5249 1383 5320 etiamsi
1408 5271 1469 5344 pro
1495 5211 1626 5322 infinite
1652 5253 1763 5348 parvis
1780 5249 1898 5325 baberi
1915 5261 2051 5350 queant,
2076 5253 2274 5346 imaginaria
2302 5248 2409 5324 invol-

388 5417 457 5516 vat,
481 5417 552 5480 tota
577 5409 733 5503 aequatio
751 5404 946 5504 imaginaria
965 5407 1031 5478 erit
1049 5403 1231 5478 censenda.
1269 5402 1326 5476 Sic
1349 5393 1412 5476 'etsi
1435 5407 1549 5504 posito
1572 5430 1601 5479 c
1624 5401 1774 5498 infinito,
1799 5409 1834 5480 in
1859 5407 1924 5482 bac
1947 5411 2149 5506 aequatione
2168 5371 2408 5526 y=÷÷‡

261 5670 266 5685 ι
387 5547 550 5654 matous
578 5544 624 5698 ὲ
654 5599 734 5675 prae
761 5557 804 5696 ξ
833 5577 931 5676 rejici
959 5587 1082 5674 queat,
1119 5577 1169 5648 ita
1200 5585 1240 5648 nt
1268 5573 1354 5650 haec
1383 5581 1539 5673 aequatio
1570 5601 1654 5654 casu
1680 5601 1768 5652 aa:
1781 5603 1833 5656 00
1867 5603 2061 5678 congruere
2090 5543 2274 5654 existimari
2306 5581 2407 5678 possit

386 5773 465 5824 cum
488 5753 553 5825 bac
574 5729 719 5867 p=}s
743 5762 860 5824 tamen
883 5753 912 5823 si
935 5753 1101 5822 terminus
1125 5747 1275 5846 rejectus
1297 5773 1358 5826 sen
1381 5751 1456 5850 ejus
1475 5745 1670 5826 ootfficiens
1695 5752 1716 5824 b
1741 5754 1787 5826 sit
1809 5753 2037 5850 imaginarius,
2063 5761 2140 5829 tota
2162 5749 2323 5848 mettio
2347 5743 2407 5832 tet
2496 5785 2499 5788 ·

387 5912 598 6002 imaginaria,
628 5919 730 6005 atque
753 5907 939 6006 applicatae
967 5904 1125 5979 abscissis
1155 5893 1297 5982 infinitis
1326 5907 1573 6006 respondentes
1597 5914 1699 5982 erunt
1722 5909 1958 6006 imaginariae,
1989 5931 2099 6005 neque
2124 5929 2209 6004 ergo
2234 5907 2302 5983 boc
2327 5927 2405 5982 cmo

384 6067 543 6161 aequatio
564 6045 696 6184 γει-Ξ·
727 6063 773 6138 ad
795 6087 918 6138 curvae
943 6059 1092 6137 indolem
1116 6061 1383 6160 investigandam
1406 6063 1559 6138 adbiberi
1583 6047 1710 6162 poterit
1711 6103 2095 6140 ------

1181 6235 1608 6288 *QUO-
1716 6279 1721 6292 .
