<?xml version="1.0" encoding="UTF-8"?>
<!DOCTYPE html PUBLIC "-//W3C//DTD XHTML 1.0 Transitional//EN"
    "http://www.w3.org/TR/xhtml1/DTD/xhtml1-transitional.dtd">
<html xmlns="http://www.w3.org/1999/xhtml" xml:lang="en" lang="en">
 <head>
  <title>
</title>
<meta http-equiv="Content-Type" content="text/html;charset=utf-8" />
  <meta name='ocr-system' content='tesseract 3.04.00' />
  <meta name='ocr-capabilities' content='ocr_page ocr_carea ocr_par ocr_line ocrx_word'/>
</head>
<body>
  <div class='ocr_page' id='page_1' title='image "./leonhardieuleri00petrgoog/leonhardieuleri00petrgoog_0158.png"; bbox 0 0 5166 7072; ppageno 0'>
   <div class='ocr_carea' id='block_1_1' title="bbox 1039 533 1860 676">
    <p class='ocr_par' dir='ltr' id='par_1_1' title="bbox 1039 533 1860 676">
     <span class='ocr_line' id='line_1_1' title="bbox 1039 533 1860 676; baseline -0.006 -4"><span class='ocrx_word' id='word_1_1' title='bbox 1039 589 1082 676; x_wconf 82' lang='lat' dir='ltr'><strong>n.</strong></span> <span class='ocrx_word' id='word_1_2' title='bbox 1112 533 1535 674; x_wconf 76' lang='lat' dir='ltr'><strong>nnnnn1‘ornna</strong></span> <span class='ocrx_word' id='word_1_3' title='bbox 1564 585 1860 672; x_wconf 73' lang='lat' dir='ltr'><strong>coassumi.</strong></span> 
     </span>
    </p>
   </div>
   <div class='ocr_carea' id='block_1_2' title="bbox 1373 1128 1509 1230">
    <p class='ocr_par' dir='ltr' id='par_1_2' title="bbox 1373 1128 1509 1230">
     <span class='ocr_line' id='line_1_2' title="bbox 1373 1128 1509 1230; baseline -0.015 0"><span class='ocrx_word' id='word_1_4' title='bbox 1373 1128 1509 1230; x_wconf 87' lang='lat' dir='ltr'><strong>vlll.</strong></span> 
     </span>
    </p>
   </div>
   <div class='ocr_carea' id='block_1_3' title="bbox 1031 1337 1875 1504">
    <p class='ocr_par' dir='ltr' id='par_1_3' title="bbox 1031 1337 1875 1504">
     <span class='ocr_line' id='line_1_3' title="bbox 1031 1337 1875 1504; baseline -0.001 -17"><span class='ocrx_word' id='word_1_5' title='bbox 1031 1337 1033 1344; x_wconf 41' lang='lat'>&gt;</span> <span class='ocrx_word' id='word_1_6' title='bbox 1105 1401 1190 1487; x_wconf 76' lang='lat' dir='ltr'><strong>lte</strong></span> <span class='ocrx_word' id='word_1_7' title='bbox 1226 1401 1505 1504; x_wconf 71' lang='lat' dir='ltr'><strong>quantana</strong></span> <span class='ocrx_word' id='word_1_8' title='bbox 1535 1401 1781 1504; x_wconf 72' lang='lat' dir='ltr'><strong>magicis·</strong></span> <span class='ocrx_word' id='word_1_9' title='bbox 1868 1371 1875 1382; x_wconf 65' lang='grc'>’</span> 
     </span>
    </p>
   </div>
   <div class='ocr_carea' id='block_1_4' title="bbox 1364 1647 1556 1662">
    <p class='ocr_par' dir='ltr' id='par_1_4' title="bbox 1364 1647 1556 1662">
     <span class='ocr_line' id='line_1_4' title="bbox 1364 1647 1556 1662; baseline 0 -2"><span class='ocrx_word' id='word_1_10' title='bbox 1364 1647 1556 1662; x_wconf 43' lang='grc' dir='ltr'><strong><em>ψ</em></strong></span> 
     </span>
    </p>
   </div>
   <div class='ocr_carea' id='block_1_5' title="bbox 1142 1816 1737 1898">
    <p class='ocr_par' dir='ltr' id='par_1_5' title="bbox 1142 1816 1737 1898">
     <span class='ocr_line' id='line_1_5' title="bbox 1142 1816 1737 1898; baseline 0.002 -18"><span class='ocrx_word' id='word_1_11' title='bbox 1142 1816 1248 1898; x_wconf 86' lang='lat' dir='ltr'><strong>(Conv.</strong></span> <span class='ocrx_word' id='word_1_12' title='bbox 1263 1818 1349 1882; x_wconf 85' lang='lat' dir='ltr'><strong>acad.</strong></span> <span class='ocrx_word' id='word_1_13' title='bbox 1365 1817 1468 1883; x_wconf 76' lang='lat' dir='ltr'><strong>erhilt.</strong></span> <span class='ocrx_word' id='word_1_14' title='bbox 1487 1818 1570 1883; x_wconf 85' lang='grc'><strong>1776</strong></span> <span class='ocrx_word' id='word_1_15' title='bbox 1584 1816 1655 1881; x_wconf 88' lang='grc'><strong>061.</strong></span> <span class='ocrx_word' id='word_1_16' title='bbox 1674 1817 1737 1898; x_wconf 78' lang='grc'><strong>17.)</strong></span> 
     </span>
    </p>
   </div>
   <div class='ocr_carea' id='block_1_6' title="bbox 424 2043 2568 2882">
    <p class='ocr_par' dir='ltr' id='par_1_6' title="bbox 424 2043 2568 2882">
     <span class='ocr_line' id='line_1_6' title="bbox 527 2043 2450 2178; baseline 0.008 -45"><span class='ocrx_word' id='word_1_17' title='bbox 527 2058 608 2160; x_wconf 69' lang='lat' dir='ltr'><strong>§L</strong></span> <span class='ocrx_word' id='word_1_18' title='bbox 660 2043 871 2152; x_wconf 85' lang='lat' dir='ltr'><strong>Quadratum</strong></span> <span class='ocrx_word' id='word_1_19' title='bbox 909 2075 1079 2169; x_wconf 78' lang='lat' dir='ltr'><strong>magicum</strong></span> <span class='ocrx_word' id='word_1_20' title='bbox 1118 2074 1185 2149; x_wconf 89' lang='lat' dir='ltr'><strong>dici</strong></span> <span class='ocrx_word' id='word_1_21' title='bbox 1217 2079 1322 2169; x_wconf 91' lang='lat' dir='ltr'><strong>solet,</strong></span> <span class='ocrx_word' id='word_1_22' title='bbox 1360 2081 1459 2178; x_wconf 85' lang='lat' dir='ltr'><strong>cujus</strong></span> <span class='ocrx_word' id='word_1_23' title='bbox 1497 2043 1630 2152; x_wconf 80' lang='lat' dir='ltr'><strong>cellulis</strong></span> <span class='ocrx_word' id='word_1_24' title='bbox 1659 2073 1791 2150; x_wconf 81' lang='lat' dir='ltr'><strong>numeri</strong></span> <span class='ocrx_word' id='word_1_25' title='bbox 1819 2073 1990 2148; x_wconf 81' lang='lat' dir='ltr'><strong>naturales</strong></span> <span class='ocrx_word' id='word_1_26' title='bbox 2019 2075 2066 2146; x_wconf 89' lang='lat' dir='ltr'><strong>ita</strong></span> <span class='ocrx_word' id='word_1_27' title='bbox 2102 2083 2183 2146; x_wconf 91' lang='lat' dir='ltr'><strong>snut</strong></span> <span class='ocrx_word' id='word_1_28' title='bbox 2208 2073 2380 2170; x_wconf 85' lang='lat' dir='ltr'><strong>inscripti,</strong></span> <span class='ocrx_word' id='word_1_29' title='bbox 2413 2087 2450 2148; x_wconf 93' lang='lat' dir='ltr'><strong>ut</strong></span> 
     </span>
     <span class='ocr_line' id='line_1_7' title="bbox 429 2215 2456 2318; baseline 0.008 -47"><span class='ocrx_word' id='word_1_30' title='bbox 429 2223 577 2274; x_wconf 90' lang='lat' dir='ltr'><strong>summae</strong></span> <span class='ocrx_word' id='word_1_31' title='bbox 608 2227 827 2282; x_wconf 89' lang='lat' dir='ltr'><strong>numerorum</strong></span> <span class='ocrx_word' id='word_1_32' title='bbox 858 2235 920 2310; x_wconf 86' lang='lat' dir='ltr'><strong>per</strong></span> <span class='ocrx_word' id='word_1_33' title='bbox 949 2239 1065 2289; x_wconf 89' lang='lat' dir='ltr'><strong>omues</strong></span> <span class='ocrx_word' id='word_1_34' title='bbox 1088 2215 1207 2292; x_wconf 84' lang='lat' dir='ltr'><strong>fascias</strong></span> <span class='ocrx_word' id='word_1_35' title='bbox 1237 2231 1305 2294; x_wconf 87' lang='lat' dir='ltr'><strong>tam</strong></span> <span class='ocrx_word' id='word_1_36' title='bbox 1329 2222 1558 2296; x_wconf 86' lang='lat' dir='ltr'><strong>horizontales</strong></span> <span class='ocrx_word' id='word_1_37' title='bbox 1582 2243 1683 2316; x_wconf 82' lang='lat' dir='ltr'><strong>quam</strong></span> <span class='ocrx_word' id='word_1_38' title='bbox 1707 2219 1902 2305; x_wconf 85' lang='lat' dir='ltr'><strong>verticales,</strong></span> <span class='ocrx_word' id='word_1_39' title='bbox 1942 2227 2016 2288; x_wconf 92' lang='lat' dir='ltr'><strong>tum</strong></span> <span class='ocrx_word' id='word_1_40' title='bbox 2041 2238 2123 2288; x_wconf 84' lang='lat' dir='ltr'><strong>vero</strong></span> <span class='ocrx_word' id='word_1_41' title='bbox 2148 2217 2249 2288; x_wconf 89' lang='lat' dir='ltr'><strong>etiam</strong></span> <span class='ocrx_word' id='word_1_42' title='bbox 2274 2237 2338 2310; x_wconf 85' lang='lat' dir='ltr'><strong>per</strong></span> <span class='ocrx_word' id='word_1_43' title='bbox 2361 2215 2456 2318; x_wconf 65' lang='lat' dir='ltr'><strong>laima</strong></span> 
     </span>
     <span class='ocr_line' id='line_1_8' title="bbox 425 2341 2448 2460; baseline 0.009 -48"><span class='ocrx_word' id='word_1_44' title='bbox 425 2341 624 2437; x_wconf 80' lang='lat' dir='ltr'><strong>diagonales</strong></span> <span class='ocrx_word' id='word_1_45' title='bbox 649 2349 816 2442; x_wconf 77' lang='lat' dir='ltr'><strong>prodeant</strong></span> <span class='ocrx_word' id='word_1_46' title='bbox 840 2355 928 2427; x_wconf 87' lang='lat' dir='ltr'><strong>inter</strong></span> <span class='ocrx_word' id='word_1_47' title='bbox 953 2381 989 2430; x_wconf 91' lang='lat' dir='ltr'><strong>se</strong></span> <span class='ocrx_word' id='word_1_48' title='bbox 1013 2362 1186 2456; x_wconf 86' lang='lat' dir='ltr'><strong>aequales;</strong></span> <span class='ocrx_word' id='word_1_49' title='bbox 1213 2367 1259 2436; x_wconf 89' lang='lat' dir='ltr'><strong>ita</strong></span> <span class='ocrx_word' id='word_1_50' title='bbox 1286 2367 1313 2435; x_wconf 89' lang='lat' dir='ltr'><strong>si</strong></span> <span class='ocrx_word' id='word_1_51' title='bbox 1340 2365 1443 2437; x_wconf 87' lang='lat' dir='ltr'><strong>latera</strong></span> <span class='ocrx_word' id='word_1_52' title='bbox 1468 2363 1623 2460; x_wconf 90' lang='lat' dir='ltr'><strong>quadrati</strong></span> <span class='ocrx_word' id='word_1_53' title='bbox 1643 2365 1678 2433; x_wconf 95' lang='lat' dir='ltr'><strong>in</strong></span> <span class='ocrx_word' id='word_1_54' title='bbox 1699 2384 1727 2430; x_wconf 75' lang='lat' dir='ltr'><strong>a</strong></span> <span class='ocrx_word' id='word_1_55' title='bbox 1745 2370 1859 2456; x_wconf 86' lang='lat' dir='ltr'><strong>partes</strong></span> <span class='ocrx_word' id='word_1_56' title='bbox 1877 2357 2037 2454; x_wconf 79' lang='lat' dir='ltr'><strong>aequales</strong></span> <span class='ocrx_word' id='word_1_57' title='bbox 2055 2354 2266 2446; x_wconf 80' lang='lat' dir='ltr'>dividantur,</span> <span class='ocrx_word' id='word_1_58' title='bbox 2293 2379 2448 2430; x_wconf 80' lang='lat' dir='ltr'><strong>numerus</strong></span> 
     </span>
     <span class='ocr_line' id='line_1_9' title="bbox 426 2487 2445 2599; baseline 0.006 -43"><span class='ocrx_word' id='word_1_59' title='bbox 426 2487 575 2557; x_wconf 92' lang='lat' dir='ltr'><strong>omnium</strong></span> <span class='ocrx_word' id='word_1_60' title='bbox 602 2488 800 2564; x_wconf 80' lang='lat' dir='ltr'><strong>cellularum</strong></span> <span class='ocrx_word' id='word_1_61' title='bbox 824 2499 888 2567; x_wconf 89' lang='lat' dir='ltr'><strong>erit</strong></span> <span class='ocrx_word' id='word_1_62' title='bbox 912 2522 981 2588; x_wconf 75' lang='lat' dir='ltr'><strong>aar,</strong></span> <span class='ocrx_word' id='word_1_63' title='bbox 1009 2513 1044 2573; x_wconf 89' lang='lat' dir='ltr'><strong>et</strong></span> <span class='ocrx_word' id='word_1_64' title='bbox 1068 2505 1221 2599; x_wconf 85' lang='lat' dir='ltr'><strong>singulae</strong></span> <span class='ocrx_word' id='word_1_65' title='bbox 1247 2501 1371 2578; x_wconf 89' lang='lat' dir='ltr'><strong>iasciac</strong></span> <span class='ocrx_word' id='word_1_66' title='bbox 1396 2517 1465 2577; x_wconf 81' lang='lat' dir='ltr'><strong>tam</strong></span> <span class='ocrx_word' id='word_1_67' title='bbox 1492 2503 1739 2589; x_wconf 73' lang='lat' dir='ltr'><strong>horizontaleS,</strong></span> <span class='ocrx_word' id='word_1_68' title='bbox 1766 2524 1868 2597; x_wconf 92' lang='lat' dir='ltr'><strong>quam</strong></span> <span class='ocrx_word' id='word_1_69' title='bbox 1893 2498 2091 2584; x_wconf 75' lang='lat' dir='ltr'><strong>verticulas,</strong></span> <span class='ocrx_word' id='word_1_70' title='bbox 2117 2500 2328 2595; x_wconf 85' lang='lat' dir='ltr'><strong>quinetiam</strong></span> <span class='ocrx_word' id='word_1_71' title='bbox 2354 2497 2445 2569; x_wconf 89' lang='lat' dir='ltr'><strong>binae</strong></span> 
     </span>
     <span class='ocr_line' id='line_1_10' title="bbox 424 2625 2445 2743; baseline 0.007 -47"><span class='ocrx_word' id='word_1_72' title='bbox 424 2625 623 2719; x_wconf 84' lang='lat' dir='ltr'><strong>diagonales</strong></span> <span class='ocrx_word' id='word_1_73' title='bbox 648 2633 876 2709; x_wconf 85' lang='lat' dir='ltr'><strong>continebunt</strong></span> <span class='ocrx_word' id='word_1_74' title='bbox 900 2664 928 2709; x_wconf 79' lang='lat' dir='ltr'><strong>ac</strong></span> <span class='ocrx_word' id='word_1_75' title='bbox 953 2643 1108 2733; x_wconf 85' lang='lat' dir='ltr'><strong>cellulas,</strong></span> <span class='ocrx_word' id='word_1_76' title='bbox 1147 2649 1181 2717; x_wconf 94' lang='lat' dir='ltr'><strong>in</strong></span> <span class='ocrx_word' id='word_1_77' title='bbox 1207 2671 1290 2742; x_wconf 88' lang='lat' dir='ltr'><strong>quas</strong></span> <span class='ocrx_word' id='word_1_78' title='bbox 1316 2671 1400 2743; x_wconf 84' lang='lat' dir='ltr'><strong>ergo</strong></span> <span class='ocrx_word' id='word_1_79' title='bbox 1428 2671 1545 2721; x_wconf 87' lang='lat' dir='ltr'><strong>ornnes</strong></span> <span class='ocrx_word' id='word_1_80' title='bbox 1572 2667 1730 2718; x_wconf 89' lang='lat' dir='ltr'><strong>numeros</strong></span> <span class='ocrx_word' id='word_1_81' title='bbox 1756 2641 1926 2716; x_wconf 77' lang='lat' dir='ltr'><strong>naturales</strong></span> <span class='ocrx_word' id='word_1_82' title='bbox 1955 2647 1992 2728; x_wconf 96' lang='grc'><strong>1,</strong></span> <span class='ocrx_word' id='word_1_83' title='bbox 2020 2641 2059 2726; x_wconf 83' lang='grc'><strong>2,</strong></span> <span class='ocrx_word' id='word_1_84' title='bbox 2088 2641 2127 2725; x_wconf 80' lang='grc'><strong>3,</strong></span> <span class='ocrx_word' id='word_1_85' title='bbox 2156 2641 2445 2710; x_wconf 74' lang='grc'><strong>1......666116</strong></span> 
     </span>
     <span class='ocr_line' id='line_1_11' title="bbox 425 2751 2568 2882; baseline 0.01 -46"><span class='ocrx_word' id='word_1_86' title='bbox 425 2763 558 2860; x_wconf 87' lang='lat' dir='ltr'><strong>disponi</strong></span> <span class='ocrx_word' id='word_1_87' title='bbox 598 2782 751 2864; x_wconf 85' lang='lat' dir='ltr'><strong>oportet,</strong></span> <span class='ocrx_word' id='word_1_88' title='bbox 790 2789 830 2848; x_wconf 88' lang='lat' dir='ltr'><strong>ut</strong></span> <span class='ocrx_word' id='word_1_89' title='bbox 865 2803 1014 2854; x_wconf 84' lang='lat' dir='ltr'><strong>summae</strong></span> <span class='ocrx_word' id='word_1_90' title='bbox 1046 2808 1108 2880; x_wconf 86' lang='lat' dir='ltr'><strong>per</strong></span> <span class='ocrx_word' id='word_1_91' title='bbox 1139 2809 1256 2860; x_wconf 85' lang='lat' dir='ltr'><strong>omnes</strong></span> <span class='ocrx_word' id='word_1_92' title='bbox 1286 2785 1407 2862; x_wconf 85' lang='lat' dir='ltr'><strong>lasciua</strong></span> <span class='ocrx_word' id='word_1_93' title='bbox 1438 2797 1641 2860; x_wconf 89' lang='lat' dir='ltr'><strong>memoratas</strong></span> <span class='ocrx_word' id='word_1_94' title='bbox 1670 2785 1813 2858; x_wconf 87' lang='lat' dir='ltr'><strong>evadant</strong></span> <span class='ocrx_word' id='word_1_95' title='bbox 1843 2787 1932 2856; x_wconf 85' lang='lat' dir='ltr'><strong>inter</strong></span> <span class='ocrx_word' id='word_1_96' title='bbox 1957 2806 1993 2855; x_wconf 86' lang='lat' dir='ltr'><strong>sc</strong></span> <span class='ocrx_word' id='word_1_97' title='bbox 2018 2779 2186 2876; x_wconf 84' lang='lat' dir='ltr'><strong>aequales.</strong></span> <span class='ocrx_word' id='word_1_98' title='bbox 2237 2779 2322 2854; x_wconf 89' lang='lat' dir='ltr'><strong>Cum</strong></span> <span class='ocrx_word' id='word_1_99' title='bbox 2349 2751 2446 2875; x_wconf 81' lang='lat' dir='ltr'><strong>igitur</strong></span> <span class='ocrx_word' id='word_1_100' title='bbox 2567 2831 2568 2882; x_wconf 75' lang='lat'><em>3</em></span> 
     </span>
    </p>
   </div>
   <div class='ocr_carea' id='block_1_7' title="bbox 424 2903 2568 3042">
    <p class='ocr_par' dir='ltr' id='par_1_7' title="bbox 424 2903 2568 3042">
     <span class='ocr_line' id='line_1_12' title="bbox 424 2903 2568 3042; baseline 0.005 -49"><span class='ocrx_word' id='word_1_101' title='bbox 424 2943 554 2996; x_wconf 91' lang='lat' dir='ltr'><strong>summa</strong></span> <span class='ocrx_word' id='word_1_102' title='bbox 579 2929 730 3002; x_wconf 91' lang='lat' dir='ltr'><strong>omnium</strong></span> <span class='ocrx_word' id='word_1_103' title='bbox 754 2930 879 3008; x_wconf 89' lang='lat' dir='ltr'><strong>horum</strong></span> <span class='ocrx_word' id='word_1_104' title='bbox 906 2959 1140 3032; x_wconf 87' lang='lat' dir='ltr'><strong>numerorum,</strong></span> <span class='ocrx_word' id='word_1_105' title='bbox 1171 2943 1213 3016; x_wconf 87' lang='lat' dir='ltr'><strong>ah</strong></span> <span class='ocrx_word' id='word_1_106' title='bbox 1243 2953 1259 3018; x_wconf 95' lang='grc'><strong>1</strong></span> <span class='ocrx_word' id='word_1_107' title='bbox 1288 2969 1395 3042; x_wconf 89' lang='lat' dir='ltr'><strong>usque</strong></span> <span class='ocrx_word' id='word_1_108' title='bbox 1420 2945 1463 3020; x_wconf 89' lang='lat' dir='ltr'><strong>ad</strong></span> <span class='ocrx_word' id='word_1_109' title='bbox 1487 2971 1556 3034; x_wconf 77' lang='lat' dir='ltr'><strong>aa,</strong></span> <span class='ocrx_word' id='word_1_110' title='bbox 1588 2946 1654 3016; x_wconf 89' lang='lat' dir='ltr'><strong>erit</strong></span> <span class='ocrx_word' id='word_1_111' title='bbox 1682 2903 1874 3018; x_wconf 57' lang='lat' dir='ltr'><strong>Q,</strong></span> <span class='ocrx_word' id='word_1_112' title='bbox 1893 2961 2023 3014; x_wconf 86' lang='lat' dir='ltr'><strong>summa</strong></span> <span class='ocrx_word' id='word_1_113' title='bbox 2042 2937 2309 3034; x_wconf 86' lang='lat' dir='ltr'><strong>uniuscujusque</strong></span> <span class='ocrx_word' id='word_1_114' title='bbox 2326 2931 2444 3010; x_wconf 71' lang='lat' dir='ltr'><strong>lassae</strong></span> <span class='ocrx_word' id='word_1_115' title='bbox 2567 2919 2568 3004; x_wconf 72' lang='grc' dir='ltr'>ἶ</span> 
     </span>
    </p>
   </div>
   <div class='ocr_carea' id='block_1_8' title="bbox 425 3005 2081 3235">
    <p class='ocr_par' dir='ltr' id='par_1_8' title="bbox 425 3005 2081 3235">
     <span class='ocr_line' id='line_1_13' title="bbox 1764 3005 1782 3062; baseline 0 0"><span class='ocrx_word' id='word_1_116' title='bbox 1764 3005 1782 3062; x_wconf 67' lang='lat' dir='ltr'><strong>i</strong></span> 
     </span>
     <span class='ocr_line' id='line_1_14' title="bbox 425 3079 2081 3235; baseline 0.001 -50"><span class='ocrx_word' id='word_1_117' title='bbox 425 3119 489 3186; x_wconf 88' lang='lat' dir='ltr'><strong>crit</strong></span> <span class='ocrx_word' id='word_1_118' title='bbox 515 3079 750 3235; x_wconf 50' lang='grc' dir='ltr'><strong>εῗ-(Ῑῖῥῖἷωὶ,</strong></span> <span class='ocrx_word' id='word_1_119' title='bbox 777 3108 869 3182; x_wconf 89' lang='lat' dir='ltr'><strong>unde</strong></span> <span class='ocrx_word' id='word_1_120' title='bbox 894 3115 921 3182; x_wconf 91' lang='lat' dir='ltr'><strong>si</strong></span> <span class='ocrx_word' id='word_1_121' title='bbox 946 3107 1050 3186; x_wconf 87' lang='lat' dir='ltr'><strong>luerit</strong></span> <span class='ocrx_word' id='word_1_122' title='bbox 1073 3119 1214 3204; x_wconf 83' lang='lat' dir='ltr'><strong>ac=3,</strong></span> <span class='ocrx_word' id='word_1_123' title='bbox 1239 3139 1368 3190; x_wconf 88' lang='lat' dir='ltr'><strong>summa</strong></span> <span class='ocrx_word' id='word_1_124' title='bbox 1396 3115 1628 3214; x_wconf 81' lang='lat' dir='ltr'><strong>persingulas</strong></span> <span class='ocrx_word' id='word_1_125' title='bbox 1653 3113 1772 3188; x_wconf 80' lang='lat' dir='ltr'><strong>fascias</strong></span> <span class='ocrx_word' id='word_1_126' title='bbox 1796 3117 1862 3188; x_wconf 87' lang='lat' dir='ltr'><strong>erit</strong></span> <span class='ocrx_word' id='word_1_127' title='bbox 1886 3144 1933 3177; x_wconf 88' lang='grc'><strong>---</strong></span> <span class='ocrx_word' id='word_1_128' title='bbox 1951 3117 2006 3186; x_wconf 89' lang='grc'><strong>15.</strong></span> <span class='ocrx_word' id='word_1_129' title='bbox 2074 3139 2081 3151; x_wconf 75' lang='grc'>’</span> 
     </span>
    </p>
   </div>
   <div class='ocr_carea' id='block_1_9' title="bbox 421 3251 2490 3534">
    <p class='ocr_par' dir='ltr' id='par_1_9' title="bbox 421 3251 2490 3534">
     <span class='ocr_line' id='line_1_15' title="bbox 520 3251 2443 3394; baseline -0.004 -28"><span class='ocrx_word' id='word_1_130' title='bbox 520 3291 602 3394; x_wconf 64' lang='lat'><strong>§2</strong></span> <span class='ocrx_word' id='word_1_131' title='bbox 654 3295 742 3366; x_wconf 89' lang='lat' dir='ltr'><strong>Hinc</strong></span> <span class='ocrx_word' id='word_1_132' title='bbox 779 3313 865 3386; x_wconf 81' lang='lat' dir='ltr'><strong>ergo</strong></span> <span class='ocrx_word' id='word_1_133' title='bbox 891 3294 927 3363; x_wconf 93' lang='lat' dir='ltr'><strong>iu</strong></span> <span class='ocrx_word' id='word_1_134' title='bbox 951 3302 1170 3390; x_wconf 83' lang='lat' dir='ltr'><strong>quotcunque</strong></span> <span class='ocrx_word' id='word_1_135' title='bbox 1202 3295 1341 3369; x_wconf 88' lang='lat' dir='ltr'><strong>cellulas</strong></span> <span class='ocrx_word' id='word_1_136' title='bbox 1371 3306 1482 3368; x_wconf 92' lang='lat' dir='ltr'><strong>totum</strong></span> <span class='ocrx_word' id='word_1_137' title='bbox 1515 3295 1717 3392; x_wconf 89' lang='lat' dir='ltr'><strong>quadratum</strong></span> <span class='ocrx_word' id='word_1_138' title='bbox 1747 3290 1850 3366; x_wconf 86' lang='lat' dir='ltr'><strong>luerit</strong></span> <span class='ocrx_word' id='word_1_139' title='bbox 1876 3287 2041 3378; x_wconf 89' lang='lat' dir='ltr'><strong>divisum,</strong></span> <span class='ocrx_word' id='word_1_140' title='bbox 2076 3311 2206 3362; x_wconf 87' lang='lat' dir='ltr'><strong>summa</strong></span> <span class='ocrx_word' id='word_1_141' title='bbox 2232 3251 2443 3360; x_wconf 86' lang='lat' dir='ltr'><strong>numerorum</strong></span> 
     </span>
     <span class='ocr_line' id='line_1_16' title="bbox 421 3425 2490 3534; baseline -0.001 -30"><span class='ocrx_word' id='word_1_142' title='bbox 421 3434 657 3528; x_wconf 77' lang='lat' dir='ltr'><strong>persingulas</strong></span> <span class='ocrx_word' id='word_1_143' title='bbox 684 3431 809 3506; x_wconf 87' lang='lat' dir='ltr'><strong>lascias</strong></span> <span class='ocrx_word' id='word_1_144' title='bbox 835 3430 1078 3528; x_wconf 88' lang='lat' dir='ltr'><strong>dispositorum</strong></span> <span class='ocrx_word' id='word_1_145' title='bbox 1102 3431 1204 3510; x_wconf 81' lang='lat' dir='ltr'><strong>facilc</strong></span> <span class='ocrx_word' id='word_1_146' title='bbox 1229 3439 1393 3533; x_wconf 77' lang='lat' dir='ltr'><strong>assignari</strong></span> <span class='ocrx_word' id='word_1_147' title='bbox 1418 3442 1559 3534; x_wconf 86' lang='lat' dir='ltr'><strong>poterit,</strong></span> <span class='ocrx_word' id='word_1_148' title='bbox 1598 3433 1690 3510; x_wconf 89' lang='lat' dir='ltr'><strong>unde</strong></span> <span class='ocrx_word' id='word_1_149' title='bbox 1719 3437 1803 3508; x_wconf 84' lang='lat' dir='ltr'><strong>istas</strong></span> <span class='ocrx_word' id='word_1_150' title='bbox 1827 3453 1974 3508; x_wconf 81' lang='lat' dir='ltr'><strong>summas</strong></span> <span class='ocrx_word' id='word_1_151' title='bbox 1997 3454 2059 3528; x_wconf 85' lang='lat' dir='ltr'><strong>pro</strong></span> <span class='ocrx_word' id='word_1_152' title='bbox 2084 3431 2229 3528; x_wconf 80' lang='lat' dir='ltr'><strong>singulis</strong></span> <span class='ocrx_word' id='word_1_153' title='bbox 2253 3425 2443 3529; x_wconf 84' lang='lat' dir='ltr'><strong>hujusmodl</strong></span> <span class='ocrx_word' id='word_1_154' title='bbox 2482 3511 2490 3521; x_wconf 51' lang='grc'><strong>,</strong></span> 
     </span>
    </p>
   </div>
   <div class='ocr_carea' id='block_1_10' title="bbox 421 3567 1740 3772">
    <p class='ocr_par' dir='ltr' id='par_1_10' title="bbox 421 3567 1740 3772">
     <span class='ocr_line' id='line_1_17' title="bbox 421 3567 1342 3678; baseline 0.007 -32"><span class='ocrx_word' id='word_1_155' title='bbox 421 3574 595 3674; x_wconf 87' lang='lat' dir='ltr'><strong>quadratis</strong></span> <span class='ocrx_word' id='word_1_156' title='bbox 623 3599 682 3673; x_wconf 86' lang='lat' dir='ltr'><strong>per</strong></span> <span class='ocrx_word' id='word_1_157' title='bbox 708 3597 824 3650; x_wconf 87' lang='lat' dir='ltr'><strong>omncs</strong></span> <span class='ocrx_word' id='word_1_158' title='bbox 850 3567 972 3649; x_wconf 87' lang='lat' dir='ltr'><strong>lascias</strong></span> <span class='ocrx_word' id='word_1_159' title='bbox 995 3582 1185 3674; x_wconf 84' lang='lat' dir='ltr'><strong>assignasse</strong></span> <span class='ocrx_word' id='word_1_160' title='bbox 1205 3580 1342 3678; x_wconf 88' lang='lat' dir='ltr'><strong>juvabit</strong></span> 
     </span>
     <span class='ocr_line' id='line_1_18' title="bbox 702 3699 1740 3772; baseline 0.002 -20"><span class='ocrx_word' id='word_1_161' title='bbox 702 3709 705 3716; x_wconf 59' lang='lat'>¹</span> <span class='ocrx_word' id='word_1_162' title='bbox 1584 3699 1740 3772; x_wconf 54' lang='lat' dir='ltr'><strong>arm)</strong></span> 
     </span>
    </p>
   </div>
   <div class='ocr_carea' id='block_1_11' title="bbox 1350 3801 1672 5110">
    <p class='ocr_par' dir='ltr' id='par_1_11' title="bbox 1653 3801 1671 3858">
     <span class='ocr_line' id='line_1_19' title="bbox 1653 3801 1671 3858; baseline 0 0"><span class='ocrx_word' id='word_1_163' title='bbox 1653 3801 1671 3858; x_wconf 76' lang='lat'><strong>2</strong></span> 
     </span>
    </p>

    <p class='ocr_par' dir='ltr' id='par_1_12' title="bbox 1350 4061 1672 5110">
     <span class='ocr_line' id='line_1_20' title="bbox 1651 4061 1671 4130; baseline 0 0"><span class='ocrx_word' id='word_1_164' title='bbox 1651 4061 1671 4130; x_wconf 86' lang='lat'>5</span> 
     </span>
     <span class='ocr_line' id='line_1_21' title="bbox 1377 4198 1670 4268; baseline 0 0"><span class='ocrx_word' id='word_1_165' title='bbox 1377 4198 1401 4268; x_wconf 86' lang='lat' dir='ltr'><strong>s</strong></span> <span class='ocrx_word' id='word_1_166' title='bbox 1628 4201 1670 4268; x_wconf 81' lang='lat'><strong>¹5</strong></span> 
     </span>
     <span class='ocr_line' id='line_1_22' title="bbox 1356 4339 1671 4407; baseline -0.006 -1"><span class='ocrx_word' id='word_1_167' title='bbox 1356 4339 1400 4406; x_wconf 76' lang='grc'><strong>66</strong></span> <span class='ocrx_word' id='word_1_168' title='bbox 1625 4339 1671 4407; x_wconf 77' lang='lat' dir='ltr'><strong>aa</strong></span> 
     </span>
     <span class='ocr_line' id='line_1_23' title="bbox 1351 4477 1670 4547; baseline 0 -1"><span class='ocrx_word' id='word_1_169' title='bbox 1351 4477 1399 4546; x_wconf 79' lang='lat' dir='ltr'><strong>aa</strong></span> <span class='ocrx_word' id='word_1_170' title='bbox 1622 4478 1670 4547; x_wconf 84' lang='grc'><strong>66</strong></span> 
     </span>
     <span class='ocr_line' id='line_1_24' title="bbox 1352 4619 1665 4688; baseline -0.006 -1"><span class='ocrx_word' id='word_1_171' title='bbox 1352 4619 1398 4688; x_wconf 87' lang='grc'><strong>66</strong></span> <span class='ocrx_word' id='word_1_172' title='bbox 1602 4619 1665 4687; x_wconf 83' lang='lat' dir='ltr'><strong>m</strong></span> 
     </span>
     <span class='ocr_line' id='line_1_25' title="bbox 1352 4758 1670 4827; baseline 0.003 -2"><span class='ocrx_word' id='word_1_173' title='bbox 1352 4758 1400 4826; x_wconf 74' lang='lat' dir='ltr'><strong>aa</strong></span> <span class='ocrx_word' id='word_1_174' title='bbox 1600 4759 1670 4827; x_wconf 85' lang='lat'><strong>175</strong></span> 
     </span>
     <span class='ocr_line' id='line_1_26' title="bbox 1352 4898 1672 4970; baseline 0 -2"><span class='ocrx_word' id='word_1_175' title='bbox 1352 4899 1399 4968; x_wconf 76' lang='lat' dir='ltr'><strong>cn</strong></span> <span class='ocrx_word' id='word_1_176' title='bbox 1598 4898 1672 4970; x_wconf 81' lang='lat' dir='ltr'><strong>nso</strong></span> 
     </span>
     <span class='ocr_line' id='line_1_27' title="bbox 1350 5039 1670 5110; baseline 0.003 -2"><span class='ocrx_word' id='word_1_177' title='bbox 1350 5039 1401 5108; x_wconf 73' lang='grc'><strong>61</strong></span> <span class='ocrx_word' id='word_1_178' title='bbox 1598 5039 1670 5110; x_wconf 83' lang='grc'><strong>666</strong></span> 
     </span>
    </p>
   </div>
   <div class='ocr_carea' id='block_1_12' title="bbox 1231 5188 1410 5248">
    <p class='ocr_par' dir='ltr' id='par_1_13' title="bbox 1231 5188 1410 5248">
     <span class='ocr_line' id='line_1_28' title="bbox 1231 5188 1410 5248; baseline 0 0"><span class='ocrx_word' id='word_1_179' title='bbox 1231 5213 1235 5220; x_wconf 88' lang='grc'><strong>’</strong></span> <span class='ocrx_word' id='word_1_180' title='bbox 1345 5188 1410 5248; x_wconf 72' lang='lat' dir='ltr'><strong>ele.</strong></span> 
     </span>
    </p>
   </div>
   <div class='ocr_carea' id='block_1_13' title="bbox 1105 3759 1416 4126">
    <p class='ocr_par' dir='ltr' id='par_1_14' title="bbox 1105 3759 1416 4126">
     <span class='ocr_line' id='line_1_29' title="bbox 1105 3759 1416 3808; baseline 0.006 -2"><span class='ocrx_word' id='word_1_181' title='bbox 1105 3759 1133 3806; x_wconf 70' lang='lat' dir='ltr'><strong>rc</strong></span> <span class='ocrx_word' id='word_1_182' title='bbox 1360 3761 1416 3808; x_wconf 71' lang='lat' dir='ltr'><strong>aas</strong></span> 
     </span>
     <span class='ocr_line' id='line_1_30' title="bbox 1383 3920 1397 3985; baseline 0 0"><span class='ocrx_word' id='word_1_183' title='bbox 1383 3920 1397 3985; x_wconf 97' lang='grc'><strong>1</strong></span> 
     </span>
     <span class='ocr_line' id='line_1_31' title="bbox 1378 4059 1400 4126; baseline 0 0"><span class='ocrx_word' id='word_1_184' title='bbox 1378 4059 1400 4126; x_wconf 75' lang='lat' dir='ltr'><strong>l</strong></span> 
     </span>
    </p>
   </div>
   <div class='ocr_carea' id='block_1_14' title="bbox 1032 3916 1234 5106">
    <p class='ocr_par' dir='ltr' id='par_1_15' title="bbox 1032 3916 1234 4686">
     <span class='ocr_line' id='line_1_32' title="bbox 1032 3916 1125 3982; baseline 0 0"><span class='ocrx_word' id='word_1_185' title='bbox 1032 3916 1125 3982; x_wconf 55' lang='lat' dir='ltr'><strong>‘l</strong></span> 
     </span>
     <span class='ocr_line' id='line_1_33' title="bbox 1105 4054 1234 4122; baseline 0 -40"><span class='ocrx_word' id='word_1_186' title='bbox 1105 4054 1234 4122; x_wconf 67' lang='lat'><strong>2.</strong></span> 
     </span>
     <span class='ocr_line' id='line_1_34' title="bbox 1090 4189 1129 4263; baseline 0 0"><span class='ocrx_word' id='word_1_187' title='bbox 1090 4189 1129 4263; x_wconf 80' lang='grc'><strong>’3</strong></span> 
     </span>
     <span class='ocr_line' id='line_1_35' title="bbox 1106 4335 1128 4402; baseline 0 0"><span class='ocrx_word' id='word_1_188' title='bbox 1106 4335 1128 4402; x_wconf 80' lang='lat' dir='ltr'><strong>l</strong></span> 
     </span>
     <span class='ocr_line' id='line_1_36' title="bbox 1106 4477 1127 4545; baseline 0 0"><span class='ocrx_word' id='word_1_189' title='bbox 1106 4477 1127 4545; x_wconf 88' lang='grc'><strong>5</strong></span> 
     </span>
     <span class='ocr_line' id='line_1_37' title="bbox 1104 4613 1128 4686; baseline 0 0"><span class='ocrx_word' id='word_1_190' title='bbox 1104 4613 1128 4686; x_wconf 82' lang='grc'><strong>6</strong></span> 
     </span>
    </p>

    <p class='ocr_par' dir='ltr' id='par_1_16' title="bbox 1043 4755 1127 5106">
     <span class='ocr_line' id='line_1_38' title="bbox 1043 4755 1126 4824; baseline 0 0"><span class='ocrx_word' id='word_1_191' title='bbox 1043 4755 1126 4824; x_wconf 88' lang='grc'><strong>.7</strong></span> 
     </span>
     <span class='ocr_line' id='line_1_39' title="bbox 1104 4899 1127 4968; baseline 0 0"><span class='ocrx_word' id='word_1_192' title='bbox 1104 4899 1127 4968; x_wconf 89' lang='grc'><strong>8</strong></span> 
     </span>
     <span class='ocr_line' id='line_1_40' title="bbox 1104 5035 1127 5106; baseline 0 0"><span class='ocrx_word' id='word_1_193' title='bbox 1104 5035 1127 5106; x_wconf 82' lang='grc'><strong>9</strong></span> 
     </span>
    </p>
   </div>
   <div class='ocr_carea' id='block_1_15' title="bbox 417 5317 2450 6269">
    <p class='ocr_par' dir='ltr' id='par_1_17' title="bbox 418 5317 2437 5699">
     <span class='ocr_line' id='line_1_41' title="bbox 419 5317 2437 5422; baseline -0.003 -25"><span class='ocrx_word' id='word_1_194' title='bbox 419 5323 477 5397; x_wconf 87' lang='lat' dir='ltr'><strong>ubi</strong></span> <span class='ocrx_word' id='word_1_195' title='bbox 507 5347 535 5394; x_wconf 74' lang='lat' dir='ltr'><strong>a</strong></span> <span class='ocrx_word' id='word_1_196' title='bbox 566 5320 706 5396; x_wconf 88' lang='lat' dir='ltr'><strong>denotat</strong></span> <span class='ocrx_word' id='word_1_197' title='bbox 736 5347 912 5397; x_wconf 89' lang='lat' dir='ltr'><strong>numerum</strong></span> <span class='ocrx_word' id='word_1_198' title='bbox 948 5325 1110 5422; x_wconf 89' lang='lat' dir='ltr'><strong>partium,</strong></span> <span class='ocrx_word' id='word_1_199' title='bbox 1150 5325 1184 5394; x_wconf 93' lang='lat' dir='ltr'><strong>in</strong></span> <span class='ocrx_word' id='word_1_200' title='bbox 1217 5343 1300 5418; x_wconf 91' lang='lat' dir='ltr'><strong>quas</strong></span> <span class='ocrx_word' id='word_1_201' title='bbox 1330 5321 1434 5393; x_wconf 79' lang='lat' dir='ltr'><strong>latera</strong></span> <span class='ocrx_word' id='word_1_202' title='bbox 1465 5317 1619 5414; x_wconf 86' lang='lat' dir='ltr'><strong>quadrati</strong></span> <span class='ocrx_word' id='word_1_203' title='bbox 1646 5319 1863 5412; x_wconf 88' lang='lat' dir='ltr'><strong>dividuntur,</strong></span> <span class='ocrx_word' id='word_1_204' title='bbox 1901 5346 1956 5394; x_wconf 73' lang='lat' dir='ltr'><strong>aaa</strong></span> <span class='ocrx_word' id='word_1_205' title='bbox 1985 5345 2162 5398; x_wconf 89' lang='lat' dir='ltr'><strong>nnmerum</strong></span> <span class='ocrx_word' id='word_1_206' title='bbox 2187 5323 2384 5400; x_wconf 84' lang='lat' dir='ltr'><strong>cellularum</strong></span> <span class='ocrx_word' id='word_1_207' title='bbox 2407 5325 2437 5392; x_wconf 93' lang='lat' dir='ltr'><strong>in</strong></span> 
     </span>
     <span class='ocr_line' id='line_1_42' title="bbox 418 5461 2437 5564; baseline -0.001 -26"><span class='ocrx_word' id='word_1_208' title='bbox 418 5463 584 5560; x_wconf 86' lang='lat' dir='ltr'><strong>quadrato</strong></span> <span class='ocrx_word' id='word_1_209' title='bbox 623 5477 859 5540; x_wconf 89' lang='lat' dir='ltr'><strong>contentarum</strong></span> <span class='ocrx_word' id='word_1_210' title='bbox 903 5477 939 5538; x_wconf 90' lang='lat' dir='ltr'><strong>et</strong></span> <span class='ocrx_word' id='word_1_211' title='bbox 980 5465 1033 5564; x_wconf 63' lang='lat' dir='ltr'><strong>t&#39;a</strong></span> <span class='ocrx_word' id='word_1_212' title='bbox 1048 5463 1080 5562; x_wconf 90' lang='grc'><strong>(1</strong></span> <span class='ocrx_word' id='word_1_213' title='bbox 1101 5461 1231 5560; x_wconf 78' lang='lat' dir='ltr'><strong>-r-ara)</strong></span> <span class='ocrx_word' id='word_1_214' title='bbox 1271 5461 1399 5534; x_wconf 90' lang='lat' dir='ltr'><strong>indicat</strong></span> <span class='ocrx_word' id='word_1_215' title='bbox 1435 5483 1598 5532; x_wconf 88' lang='lat' dir='ltr'><strong>summam</strong></span> <span class='ocrx_word' id='word_1_216' title='bbox 1630 5463 1779 5534; x_wconf 93' lang='lat' dir='ltr'><strong>omnium</strong></span> <span class='ocrx_word' id='word_1_217' title='bbox 1810 5485 2028 5538; x_wconf 86' lang='lat' dir='ltr'><strong>numerorum</strong></span> <span class='ocrx_word' id='word_1_218' title='bbox 2057 5488 2117 5560; x_wconf 89' lang='lat' dir='ltr'><strong>per</strong></span> <span class='ocrx_word' id='word_1_219' title='bbox 2146 5465 2299 5560; x_wconf 78' lang='lat' dir='ltr'><strong>singulas</strong></span> <span class='ocrx_word' id='word_1_220' title='bbox 2324 5463 2437 5538; x_wconf 78' lang='lat' dir='ltr'><strong>lasciua</strong></span> 
     </span>
     <span class='ocr_line' id='line_1_43' title="bbox 420 5573 1673 5699; baseline -0.002 -23"><span class='ocrx_word' id='word_1_221' title='bbox 420 5602 672 5699; x_wconf 87' lang='lat' dir='ltr'><strong>dispositorum.</strong></span> <span class='ocrx_word' id='word_1_222' title='bbox 1667 5573 1673 5588; x_wconf 84' lang='lat'><strong>.</strong></span> 
     </span>
    </p>

    <p class='ocr_par' dir='ltr' id='par_1_18' title="bbox 417 5739 2450 6269">
     <span class='ocr_line' id='line_1_44' title="bbox 519 5739 2437 5844; baseline -0.002 -26"><span class='ocrx_word' id='word_1_223' title='bbox 519 5741 541 5844; x_wconf 84' lang='lat'>§</span> <span class='ocrx_word' id='word_1_224' title='bbox 567 5749 601 5818; x_wconf 90' lang='grc'><strong>3.</strong></span> <span class='ocrx_word' id='word_1_225' title='bbox 654 5745 698 5819; x_wconf 87' lang='lat' dir='ltr'><strong>Ut</strong></span> <span class='ocrx_word' id='word_1_226' title='bbox 717 5745 791 5842; x_wconf 90' lang='lat' dir='ltr'><strong>jam</strong></span> <span class='ocrx_word' id='word_1_227' title='bbox 816 5757 943 5819; x_wconf 86' lang='lat' dir='ltr'><strong>certam</strong></span> <span class='ocrx_word' id='word_1_228' title='bbox 968 5746 1122 5842; x_wconf 83' lang='lat' dir='ltr'><strong>regulam</strong></span> <span class='ocrx_word' id='word_1_229' title='bbox 1148 5749 1408 5841; x_wconf 78' lang='lat' dir='ltr'><strong>investigemus,</strong></span> <span class='ocrx_word' id='word_1_230' title='bbox 1435 5739 1632 5842; x_wconf 89' lang='lat' dir='ltr'><strong>hujusmodi</strong></span> <span class='ocrx_word' id='word_1_231' title='bbox 1657 5743 1818 5840; x_wconf 87' lang='lat' dir='ltr'><strong>quadrata</strong></span> <span class='ocrx_word' id='word_1_232' title='bbox 1844 5749 1974 5839; x_wconf 84' lang='lat' dir='ltr'><strong>magica</strong></span> <span class='ocrx_word' id='word_1_233' title='bbox 2001 5749 2151 5818; x_wconf 88' lang='lat' dir='ltr'><strong>omnium</strong></span> <span class='ocrx_word' id='word_1_234' title='bbox 2177 5744 2335 5817; x_wconf 90' lang='lat' dir='ltr'><strong>ordinum</strong></span> <span class='ocrx_word' id='word_1_235' title='bbox 2359 5763 2437 5816; x_wconf 91' lang='lat' dir='ltr'><strong>cou-</strong></span> 
     </span>
     <span class='ocr_line' id='line_1_45' title="bbox 418 5881 2434 5982; baseline 0 -26"><span class='ocrx_word' id='word_1_236' title='bbox 418 5885 590 5974; x_wconf 89' lang='lat' dir='ltr'><strong>struendi,</strong></span> <span class='ocrx_word' id='word_1_237' title='bbox 617 5888 798 5982; x_wconf 89' lang='lat' dir='ltr'><strong>plurimum</strong></span> <span class='ocrx_word' id='word_1_238' title='bbox 823 5891 978 5960; x_wconf 89' lang='lat' dir='ltr'><strong>intererit</strong></span> <span class='ocrx_word' id='word_1_239' title='bbox 1002 5889 1215 5976; x_wconf 84' lang='lat' dir='ltr'><strong>observasse,</strong></span> <span class='ocrx_word' id='word_1_240' title='bbox 1247 5910 1364 5960; x_wconf 85' lang='lat' dir='ltr'><strong>omncs</strong></span> <span class='ocrx_word' id='word_1_241' title='bbox 1389 5909 1546 5960; x_wconf 90' lang='lat' dir='ltr'><strong>numeros</strong></span> <span class='ocrx_word' id='word_1_242' title='bbox 1570 5885 1612 5957; x_wconf 94' lang='lat' dir='ltr'><strong>ab</strong></span> <span class='ocrx_word' id='word_1_243' title='bbox 1640 5890 1675 5974; x_wconf 92' lang='grc'><strong>1,</strong></span> <span class='ocrx_word' id='word_1_244' title='bbox 1707 5889 1744 5974; x_wconf 77' lang='grc'><strong>2,</strong></span> <span class='ocrx_word' id='word_1_245' title='bbox 1773 5890 1814 5974; x_wconf 88' lang='grc'><strong>3,</strong></span> <span class='ocrx_word' id='word_1_246' title='bbox 1841 5898 1906 5959; x_wconf 84' lang='grc'><strong>616.</strong></span> <span class='ocrx_word' id='word_1_247' title='bbox 1933 5909 2039 5982; x_wconf 84' lang='lat' dir='ltr'><strong>usque</strong></span> <span class='ocrx_word' id='word_1_248' title='bbox 2064 5885 2108 5958; x_wconf 91' lang='lat' dir='ltr'><strong>ad</strong></span> <span class='ocrx_word' id='word_1_249' title='bbox 2132 5911 2187 5957; x_wconf 75' lang='lat' dir='ltr'><strong>aa</strong></span> <span class='ocrx_word' id='word_1_250' title='bbox 2209 5885 2275 5958; x_wconf 89' lang='lat' dir='ltr'><strong>hac</strong></span> <span class='ocrx_word' id='word_1_251' title='bbox 2298 5881 2434 5959; x_wconf 75' lang='lat' dir='ltr'><strong>lomna</strong></span> 
     </span>
     <span class='ocr_line' id='line_1_46' title="bbox 417 6017 2435 6130; baseline 0.001 -31"><span class='ocrx_word' id='word_1_252' title='bbox 417 6050 535 6100; x_wconf 77' lang='lat' dir='ltr'><strong>unc-r-</strong></span> <span class='ocrx_word' id='word_1_253' title='bbox 551 6052 574 6099; x_wconf 83' lang='lat' dir='ltr'><strong>a</strong></span> <span class='ocrx_word' id='word_1_254' title='bbox 615 6035 857 6123; x_wconf 86' lang='lat' dir='ltr'><strong>repraesentari</strong></span> <span class='ocrx_word' id='word_1_255' title='bbox 896 6054 1005 6128; x_wconf 86' lang='lat' dir='ltr'><strong>posse.</strong></span> <span class='ocrx_word' id='word_1_256' title='bbox 1058 6030 1094 6104; x_wconf 92' lang='lat' dir='ltr'><strong>Si</strong></span> <span class='ocrx_word' id='word_1_257' title='bbox 1126 6031 1215 6101; x_wconf 90' lang='lat' dir='ltr'><strong>enim</strong></span> <span class='ocrx_word' id='word_1_258' title='bbox 1247 6029 1325 6130; x_wconf 90' lang='lat' dir='ltr'><strong>loco</strong></span> <span class='ocrx_word' id='word_1_259' title='bbox 1350 6051 1383 6099; x_wconf 89' lang='lat' dir='ltr'><strong>m</strong></span> <span class='ocrx_word' id='word_1_260' title='bbox 1410 6029 1613 6124; x_wconf 89' lang='lat' dir='ltr'><strong>accipiamus</strong></span> <span class='ocrx_word' id='word_1_261' title='bbox 1638 6032 1828 6102; x_wconf 88' lang='lat' dir='ltr'><strong>successive</strong></span> <span class='ocrx_word' id='word_1_262' title='bbox 1854 6050 1970 6101; x_wconf 90' lang='lat' dir='ltr'><strong>omnes</strong></span> <span class='ocrx_word' id='word_1_263' title='bbox 1997 6017 2125 6100; x_wconf 67' lang='lat' dir='ltr'><strong>&#39;calores</strong></span> <span class='ocrx_word' id='word_1_264' title='bbox 2151 6031 2189 6115; x_wconf 90' lang='lat'><strong>0,</strong></span> <span class='ocrx_word' id='word_1_265' title='bbox 2220 6035 2254 6116; x_wconf 93' lang='grc'><strong>1,</strong></span> <span class='ocrx_word' id='word_1_266' title='bbox 2282 6031 2324 6116; x_wconf 80' lang='lat'><strong>2,</strong></span> <span class='ocrx_word' id='word_1_267' title='bbox 2350 6025 2435 6115; x_wconf 64' lang='lat' dir='ltr'><strong>ab</strong></span> 
     </span>
     <span class='ocr_line' id='line_1_47' title="bbox 418 6165 2450 6269; baseline -0.003 -27"><span class='ocrx_word' id='word_1_268' title='bbox 418 6191 523 6267; x_wconf 88' lang='lat' dir='ltr'><strong>usqne</strong></span> <span class='ocrx_word' id='word_1_269' title='bbox 548 6169 592 6244; x_wconf 88' lang='lat' dir='ltr'><strong>ad</strong></span> <span class='ocrx_word' id='word_1_270' title='bbox 617 6195 705 6241; x_wconf 70' lang='grc'><strong>66-</strong></span> <span class='ocrx_word' id='word_1_271' title='bbox 723 6177 757 6259; x_wconf 92' lang='grc'><strong>1,</strong></span> <span class='ocrx_word' id='word_1_272' title='bbox 796 6182 869 6244; x_wconf 88' lang='lat' dir='ltr'><strong>tum</strong></span> <span class='ocrx_word' id='word_1_273' title='bbox 902 6195 982 6246; x_wconf 90' lang='lat' dir='ltr'><strong>vero</strong></span> <span class='ocrx_word' id='word_1_274' title='bbox 1008 6195 1069 6269; x_wconf 85' lang='lat' dir='ltr'><strong>pro</strong></span> <span class='ocrx_word' id='word_1_275' title='bbox 1094 6195 1118 6245; x_wconf 83' lang='lat' dir='ltr'><strong>a</strong></span> <span class='ocrx_word' id='word_1_276' title='bbox 1143 6193 1261 6244; x_wconf 83' lang='lat' dir='ltr'><strong>omnes</strong></span> <span class='ocrx_word' id='word_1_277' title='bbox 1289 6192 1447 6244; x_wconf 88' lang='lat' dir='ltr'><strong>numeros</strong></span> <span class='ocrx_word' id='word_1_278' title='bbox 1475 6176 1512 6259; x_wconf 95' lang='grc'><strong>1,</strong></span> <span class='ocrx_word' id='word_1_279' title='bbox 1537 6173 1578 6259; x_wconf 79' lang='lat'><strong>2,</strong></span> <span class='ocrx_word' id='word_1_280' title='bbox 1611 6173 1648 6260; x_wconf 81' lang='lat'><strong>3,</strong></span> <span class='ocrx_word' id='word_1_281' title='bbox 1677 6175 1717 6244; x_wconf 79' lang='lat' dir='ltr'><strong>i.</strong></span> <span class='ocrx_word' id='word_1_282' title='bbox 1784 6225 1793 6244; x_wconf 88' lang='lat'>.</span> <span class='ocrx_word' id='word_1_283' title='bbox 1810 6195 1869 6258; x_wconf 78' lang='grc'><strong>,6,</strong></span> <span class='ocrx_word' id='word_1_284' title='bbox 1909 6165 2121 6242; x_wconf 78' lang='lat' dir='ltr'><strong>manifestum</strong></span> <span class='ocrx_word' id='word_1_285' title='bbox 2146 6181 2198 6241; x_wconf 86' lang='lat' dir='ltr'><strong>est</strong></span> <span class='ocrx_word' id='word_1_286' title='bbox 2221 6167 2302 6241; x_wconf 85' lang='lat' dir='ltr'><strong>hinc</strong></span> <span class='ocrx_word' id='word_1_287' title='bbox 2327 6185 2450 6241; x_wconf 84' lang='lat' dir='ltr'><strong>omnes·</strong></span> 
     </span>
    </p>
   </div>
   <div class='ocr_carea' id='block_1_16' title="bbox 0 0 2588 7072">
    <p class='ocr_par' dir='ltr' id='par_1_19' title="bbox 0 0 2588 7072">
     <span class='ocr_line' id='line_1_48' title="bbox 0 0 2588 7072; baseline 0 3"><span class='ocrx_word' id='word_1_288' title='bbox 0 0 2588 7072; x_wconf 95' lang='lat' dir='ltr'><strong> </strong></span> 
     </span>
    </p>
   </div>
  </div>
 </body>
</html>
