5168 7068
279 639 284 650 ’
413 649 498 734 sss
1007 644 1052 728 a.
1079 643 1299 728 sunam
1329 641 1496 728 orans
1525 584 1819 728 rosruuun.
2291 672 2387 736 vm.

501 885 591 962 Quod
616 891 721 950 autem
744 885 776 948 in
803 883 960 968 prioribus
984 883 1094 950 litteris
1119 883 1158 950 de
1184 883 1322 968 analogia
1348 881 1597 948 differentialium
1622 883 1772 968 cnjusqua
1797 881 1913 946 ordinis
1940 882 2091 948 formulae
2113 903 2157 966 cy
2177 891 2211 948 et
2231 886 2427 950 terminomn

414 1015 540 1080 binomii
556 1013 718 1098 potestatis
732 1015 812 1096 (ιι-ι·
823 1013 879 1096 dim
894 1013 1034 1090 attulisti,
1050 1031 1118 1077 eam
1136 1013 1199 1098 jam
1219 1031 1238 1076 a
1252 1011 1461 1076 Leibnitzio
1476 1011 1671 1076 observatam
1692 1029 1761 1074 esse
1777 1011 1912 1085 memini,
1928 1010 2093 1094 quodnisi
2116 1011 2207 1076 fallor
2227 1013 2260 1076 in
2282 1015 2350 1099 ejas
2364 1034 2427 1078 cnm

416 1141 635 1209 Barnoullio
656 1141 841 1204 commercio
862 1142 1009 1224 reperies.
1045 1139 1122 1206 Vale
1144 1149 1175 1206 et
1195 1141 1279 1204 salve

500 1305 617 1375 Dabam
639 1311 772 1376 pompm
793 1313 824 1378 p,
846 1313 868 1378 5
887 1312 970 1396 Seps,
995 1313 1087 1378 1755,
1767 1307 1836 1372 Tibi
1857 1308 2062 1376 addictissimo
2084 1310 2121 1376 L.
2143 1287 2329 1394 Entero').

1393 1734 1437 1800 2·

717 2069 723 2080 υ
836 1927 894 2038 Vir
920 1969 1086 2037 clarissima
1113 1975 1198 2058 atque
1225 1967 1394 2036 emtissime

499 2191 589 2255 Binas
612 2200 682 2256 tuas
703 2194 866 2276 epistolas,
894 2193 1022 2258 alteram
1044 2194 1125 2258 circa
1146 2191 1238 2256 tinem
1260 2193 1330 2255 anni
1352 2191 1463 2274 elapsi,
1492 2189 1622 2254 alteram
1644 2211 1719 2256 vero
1746 2211 1859 2274 nuper,
1884 2193 1923 2258 ad
1946 2215 1995 2258 me
2017 2195 2118 2274 datas,
2144 2215 2267 2260 summa
2288 2217 2359 2260 cnm
2381 2216 2430 2259 vo-

412 2319 531 2402 luptate
558 2322 689 2403 perlegi,
714 2343 928 2406 summamque
948 2323 1059 2406 ingenii
1087 2323 1131 2386 tui
1159 2322 1374 2404 perspicaciam
1401 2321 1532 2384 maxime
1558 2341 1629 2383 sum
1655 2319 1833 2386 admiratus.
1868 2321 1936 2386 Non
1957 2323 2060 2386 solum
2088 2326 2169 2388 enim
2192 2324 2375 2388 methodum
2396 2325 2429 2387 il·

414 2448 474 2510 tam
496 2451 752 2517 maximorumet
775 2453 982 2526 minimorum,
1006 2453 1095 2536 cujus
1116 2452 1260 2534 equidem
1283 2451 1381 2534 prima
1402 2450 1490 2532 quasi
1512 2449 1663 2514 elementa
1684 2470 1901 2532 exposueram,
1923 2471 1962 2515 ex
1989 2455 2071 2516 veris
2098 2455 2199 2537 iisque
2226 2455 2431 2518 subtilissimis

414 2570 573 2660 principiis
596 2579 736 2658 alicuisti,
760 2581 983 2646 verumetiam
1004 2581 1131 2644 eandem
1153 2581 1276 2664 penitus
1290 2579 1464 2661 ,perfecisse
1480 2577 1604 2654 videris,
1624 2586 1658 2642 ut
1678 2578 1753 2642 nibil
1775 2579 1918 2662 amplios,
1941 2581 2024 2662 quod
2046 2581 2078 2644 in
2100 2581 2159 2644 hoc
2179 2602 2294 2666 genere
2316 2581 2431 2646 deside·

412 2704 475 2768 rari
498 2713 604 2786 queat,
627 2703 668 2766 sit
691 2703 841 2766 relictum.
874 2698 1085 2776 Quamobrem
1105 2701 1176 2775 tibi,
1200 2699 1256 2762 Vir
1277 2701 1461 2776 clarissime,
1482 2720 1521 2764 ex
1542 2700 1643 2762 animo
1664 2697 1816 2782 gratulor,
1837 2719 1873 2764 ac
1895 2709 1924 2764 te
1946 2701 2037 2764 etiam
2059 2710 2152 2784 atque
2174 2703 2268 2765 etiam
2288 2723 2377 2786 rogo,
2399 2713 2430 2766 ut

292 2871 298 2886 ,
413 2851 494 2914 quae
515 2833 547 2894 in
568 2831 627 2894 boc
648 2831 759 2914 geber-e
781 2840 843 2893 tam
864 2829 944 2893 telici
967 2850 1037 2892 cum
1058 2849 1203 2892 successu
1227 2849 1261 2891 es
1282 2829 1455 2905 meditatus,
1472 2847 1509 2890 ea
1530 2828 1612 2890 omni
1627 2827 1732 2890 studio
1748 2827 1881 2912 penitius
1897 2829 2083 2910 perscrutari
2098 2850 2133 2894 ac
2148 2830 2297 2914 perficere
2314 2850 2428 2914 pergas.

410 2958 632 3022 Subtilissimee
659 2967 763 3022 autem
788 2949 1028 3022 hic'cccurrnnt
1054 2957 1263 3040 quaestiones,
1292 2975 1371 3038 quse
1400 2975 1460 3017 non
1482 2955 1585 3018 solnm
1606 2976 1727 3019 omnem
1749 2956 1860 3038 inqenii
1881 2957 2051 3033 solertiam,
2077 2960 2246 3022 sedetiam
2270 2960 2429 3022 mximam

313 3150 317 3159 ,
410 3087 715 3170 circumspectionem
736 3087 767 3147 in
787 3085 995 3148 ratiocinando
1017 3085 1189 3168 postulant,
1212 3083 1461 3168 quandoquidem
1483 3083 1560 3146 baec
1583 3084 1747 3148 methodus
1768 3084 1856 3148 nobis
1871 3085 1990 3170 objecta
2006 3087 2146 3170 plurimis
2168 3087 2354 3170 plerumque
2375 3088 2429 3150 cir·

409 3216 601 3280 eumstantiis
625 3214 762 3278 involuta
787 3213 927 3288 exhibet,
952 3233 1030 3296 quas
1056 3213 1114 3276 nisi
1138 3214 1290 3277 calculum
1317 3213 1357 3276 ad
1390 3211 1531 3295 exempla
1562 3211 1760 3276 determinata
1786 3214 1991 3296 applicemus,
2018 3216 2069 3277 vix
2095 3215 2237 3279 distincte
2258 3217 2428 3298 perspicere

363 3307 364 3311 Ἰ
408 3345 576 3408 valeamus.
612 3342 656 3405 lta
678 3362 747 3404 cum
768 3341 958 3423 investigatio
979 3361 1092 3403 curvae
1119 3309 1243 3404 maximi
1269 3341 1424 3404 minimive
1441 3336 1633 3424 'proprietate
1658 3341 1815 3424 praeditae
1844 3342 2021 3424 perduxerit
2046 3343 2084 3405 ad
2110 3343 2188 3405 hanc
2213 3341 2430 3426 aequationem

411 3473 534 3546 t=u‚
559 3492 639 3554 quae
659 3473 776 3538 scilicet
797 3472 910 3535 indicat
931 3480 1031 3536 tractu
1050 3451 1175 3547 curvae,
1199 3473 1362 3556 paululum
1384 3471 1556 3546 immutato,
1579 3471 1776 3536 variationem
1798 3471 1868 3536 inde
1890 3482 1989 3544 ortam
2011 3493 2210 3546 evanescere,
2232 3475 2426 3556 quemadmo-

410 3599 483 3662 dum
510 3609 620 3664 natura
644 3601 769 3663 maximi
796 3599 952 3676 minimivo
980 3600 1130 3682 postulat,
1157 3601 1266 3664 dubito
1287 3621 1325 3662 an
1347 3601 1546 3682 aequationes
1568 3600 1710 3674 dL=(t,
1737 3596 1898 3675 d²L=u,
1926 3621 1983 3664 seu
2007 3603 2115 3664 L=c
2136 3601 2184 3664 vel
2207 3603 2373 3688 liza-17
2381 3603 2426 3688 pis

410 3728 449 3791 ad
469 3729 601 3794 eundem
624 3729 683 3792 sub
705 3729 773 3792 aliis
794 3729 1029 3793 circumstantiis
1051 3729 1221 3812 perducere
1244 3738 1367 3812 queant.
1403 3729 1510 3811 Neque
1531 3729 1624 3792 etiam
1647 3729 1872 3792 tramiormatio
1894 3729 2045 3792 formulae
2148 3757 2154 3768 ·

1115 3882 1211 3978 sLdy
1254 3890 1285 3951 in
1328 3881 1605 3979 bsdp-dlrs'dy
1645 3897 1703 3952 etc.

411 4067 506 4112 novas
528 4046 796 4111 determinationes
819 4045 893 4108 mibi
916 4046 1040 4133 quidem
1061 4048 1256 4129 suppeditare
1282 4047 1417 4120 videtum
1441 4047 1496 4110 sed
1523 4055 1640 4109 tantum
1660 4046 1796 4109 indicare
1823 4045 1850 4108 si
1872 4046 1914 4110 sit
1936 4048 2061 4120 t=0,
2082 4047 2149 4110 lore
2170 4049 2261 4111 etiam
2285 4049 2423 4115 ct=u

410 4177 491 4257 quod
515 4176 620 4257 utique
641 4195 751 4237 verum
764 4143 841 4250 est,
862 4175 918 4239 sed
937 4175 1092 4238 conclusio
1114 4175 1235 4238 inversa
1257 4175 1358 4238 locum
1380 4194 1440 4236 non
1462 4175 1565 4238 habet.
1601 4174 1678 4236 Nam
1701 4174 1759 4236 nisi
1781 4175 1821 4236 sit
1844 4175 1967 4252 t=0,
1991 4175 2069 4238 ratio
2091 4175 2216 4237 maximi
2238 4175 2288 4238 vel
2312 4176 2422 4237 minimi

407 4323 469 4367 non
491 4304 623 4386 amplius
645 4311 798 4374 versatum
821 4304 877 4366 scd
897 4300 1028 4367 tortasse
1050 4303 1225 4387 hujusmodi
1240 4303 1409 4385 positiones
1429 4301 1496 4368 aliis
1518 4303 1715 4385 problematis
1736 4302 1890 4365 solvendis
1912 4303 2062 4366 inservire
2084 4311 2238 4384 poterunt.
2261 4304 2353 4378 Quod
2374 4325 2422 4368 an·

407 4439 471 4496 tem
492 4431 788 4515 brachystocbrouas
808 4451 866 4514 per
886 4432 945 4495 tria
967 4432 1095 4514 plurave
1111 4439 1222 4514 puncta
1238 4433 1308 4495 data
1324 4440 1518 4495 transeuntes
1533 4433 1654 4506 attinet,
1675 4431 1858 4494 crediderim
1878 4451 1931 4494 eas
1953 4451 2013 4493 non
2035 4451 2104 4494 esse
2126 4451 2236 4495 curvas
2254 4435 2421 4508 continuas,

407 4557 463 4620 sed
486 4575 504 4618 a
527 4559 637 4638 quovis
660 4551 774 4644 puncto
796 4563 835 4624 ad
856 4547 1032 4644 proximum
1057 4582 1189 4644 sequens
1217 4581 1321 4624 arcum
1348 4561 1495 4645 cycloidia
1517 4563 1586 4626 duci
1617 4569 1774 4643 oportere,
1803 4581 1864 4644 quo
1886 4570 2009 4643 tempus
2031 4561 2236 4624 translationis
2264 4562 2304 4623 ab
2327 4563 2421 4625 altero

407 4683 446 4748 ad
468 4685 599 4748 alterum
621 4687 676 4751 fiat
699 4689 871 4762 minimum:
897 4689 924 4752 si
946 4691 1027 4753 enim
1048 4711 1160 4774 corpus
1181 4689 1341 4756 celerrime
1362 4691 1497 4774 singulas
1518 4689 1575 4754 tras
1597 4690 1754 4774 portiones
1779 4659 1951 4772 percurrat,
1978 4697 2073 4752 totam
2095 4708 2222 4750 curvam
2241 4690 2310 4754 sine
2331 4690 2420 4752 dubio
2478 4673 2480 4678 ¹

407 4819 545 4895 tempore
567 4814 748 4876 brevissimo
771 4813 922 4879 conficiet.

490 4940 606 5003 Deinde
627 4941 654 5003 si
676 4960 736 5002 non
759 4941 839 5004 inter
860 4930 967 5005 omnes
982 4961 1102 5018 curvas,
1124 4943 1179 5006 sed
1201 4963 1254 5007 eas
1274 4951 1402 5018 tantum,
1418 4961 1497 5025 quae
1511 4941 1573 5005 sub
1587 4951 1672 5007 certo
1688 4943 1820 5026 quodam
1834 4961 1945 5026 genere
1961 4941 2165 5017 continentur,
2187 4949 2356 5024 quaeratur
2377 4961 2418 5014 ea,

303 5092 306 5105 ¹
407 5085 487 5149 quae
509 5069 631 5166 maximi
653 5068 809 5133 minimive
831 5070 1019 5154 proprietate
1041 5069 1186 5154 gaudeat,
1214 5081 1267 5134 tua
1295 5071 1421 5154 quidem
1448 5069 1614 5152 methodus
1642 5071 1681 5135 ad
1704 5071 1882 5156 hujusmodi
1910 5071 2103 5153 quaestiones
2131 5089 2232 5152 aequo
2257 5091 2329 5133 cum
2354 5090 2417 5134 suc·

405 5213 496 5258 cessu
522 5193 660 5257 adhiberi
685 5203 800 5277 potest,
829 5195 902 5259 dum
923 5215 992 5259 mea
1012 5197 1127 5260 nullius
1150 5208 1198 5261 est
1219 5217 1311 5273 usus,
1337 5199 1392 5260 sed
1420 5198 1556 5260 evolutio
1583 5198 1691 5262 calculi
1716 5217 1939 5280 saepenumero
1962 5195 2101 5258 maximis
2123 5195 2255 5259 obnoxia
2277 5205 2325 5260 est
2346 5197 2416 5284 didi-

404 5324 580 5398 cultatibus;
601 5325 685 5388 velut
699 5327 726 5388 si
741 5323 818 5412 (dig.
834 5326 887 5410 ru)
901 5348 996 5410 super
1009 5329 1144 5393 semiaxe
1158 5329 1339 5395 horizontali
1355 5331 1427 5392 dato
1442 5329 1495 5392 AC
1508 5328 1617 5391 infiniti
1632 5329 1847 5394 describantur
1862 5329 2045 5411 quadrantes
2060 5323 2186 5408 elliptici
2203 5325 2267 5400 Ab,
2283 5325 2348 5404 ΑΟ,
2366 5323 2413 5407 qui

403 5451 522 5515 ratione
545 5453 689 5517 semiaxis
711 5455 859 5538 conjugati
878 5455 942 5532 CD,
958 5457 1022 5536 CQ,
1045 5457 1199 5532 differant,
1222 5459 1302 5520 inter
1327 5477 1444 5540 eosque
1470 5468 1637 5544 quaeratur
1658 5458 1685 5520 is
1705 5457 1774 5533 ᾺΙ),
1797 5475 1968 5540 superque
1990 5475 2103 5536 corpus
2123 5455 2156 5516 in
2177 5427 2274 5518 vacuo
2297 5454 2415 5518 descen

402 5601 472 5645 sum
494 5601 533 5644 ex
554 5583 579 5644 A
599 5581 757 5676 iucipiens,
778 5585 923 5648 citissime
945 5587 983 5648 ad
1006 5595 1120 5650 rectam
1142 5587 1195 5666 CQ
1213 5572 1385 5668 perveniat,
1406 5587 1547 5670 aequatio
1569 5585 1684 5650 infinita
1699 5607 1757 5669 pro
1779 5587 1880 5668 specie
1902 5585 1995 5669 hujus
2015 5583 2133 5667 ellipsis
2155 5585 2318 5658 invenitus,
2340 5583 2415 5647 unde

404 5703 465 5772 noll
487 5708 544 5770 nisi
567 5711 840 5793 appropinquando
867 5712 954 5776 valor
980 5715 1124 5778 semiaxis
1152 5714 1303 5798 conjugati
1332 5715 1382 5778 CD
1402 5705 1522 5777 definiri
1543 5721 1656 5796 potest.
1688 5713 1843 5776 Adhibitis
1865 5721 1969 5778 autem
1989 5711 2352 5796 appropinquationibus,
2373 5730 2415 5773 re·

405 5837 488 5918 peris
509 5855 577 5899 esse
598 5836 723 5899 debere:

1065 5983 1339 6064 scn²=asc²‚
1373 6007 1438 6060 ‚seu
1482 5935 1742 6103 comest}

461 6273 467 6280 .
569 6229 593 6300 ')
611 6231 709 6286 Omnes
726 6231 830 6283 litterae
849 6237 866 6279 e
885 6223 1012 6282 semum
1030 6227 1107 6282 datae
1124 6229 1229 6295 propria
1247 6225 1365 6279 Balari
1383 6238 1462 6278 mano
1482 6225 1644 6292 conscriptae
1662 6233 1733 6280 sunt.
1861 6291 1866 6300 Ι
