<?xml version="1.0" encoding="UTF-8"?>
<!DOCTYPE html PUBLIC "-//W3C//DTD XHTML 1.0 Transitional//EN"
    "http://www.w3.org/TR/xhtml1/DTD/xhtml1-transitional.dtd">
<html xmlns="http://www.w3.org/1999/xhtml" xml:lang="en" lang="en">
 <head>
  <title>
</title>
<meta http-equiv="Content-Type" content="text/html;charset=utf-8" />
  <meta name='ocr-system' content='tesseract 3.04.00' />
  <meta name='ocr-capabilities' content='ocr_page ocr_carea ocr_par ocr_line ocrx_word'/>
</head>
<body>
  <div class='ocr_page' id='page_1' title='image "./leonhardieuleri00petrgoog/leonhardieuleri00petrgoog_0399.png"; bbox 0 0 5198 7072; ppageno 0'>
   <div class='ocr_carea' id='block_1_1' title="bbox 609 595 2192 744">
    <p class='ocr_par' dir='ltr' id='par_1_1' title="bbox 609 595 2192 744">
     <span class='ocr_line' id='line_1_1' title="bbox 609 595 2192 744; baseline -0.006 -22"><span class='ocrx_word' id='word_1_1' title='bbox 609 637 868 722; x_wconf 69' lang='lat' dir='ltr'><strong>maranen</strong></span> <span class='ocrx_word' id='word_1_2' title='bbox 900 631 1554 744; x_wconf 62' lang='lat' dir='ltr'><strong>canenuqvanaensananr.</strong></span> <span class='ocrx_word' id='word_1_3' title='bbox 1590 631 1678 744; x_wconf 70' lang='lat' dir='ltr'><strong>cap.</strong></span> <span class='ocrx_word' id='word_1_4' title='bbox 1710 595 1748 716; x_wconf 76' lang='grc' dir='ltr'><strong>ι’.</strong></span> <span class='ocrx_word' id='word_1_5' title='bbox 2101 629 2192 714; x_wconf 80' lang='lat' dir='ltr'><strong>ese</strong></span> 
     </span>
    </p>
   </div>
   <div class='ocr_carea' id='block_1_2' title="bbox 21 827 2333 6326">
    <p class='ocr_par' dir='ltr' id='par_1_2' title="bbox 164 827 2258 2200">
     <span class='ocr_line' id='line_1_2' title="bbox 273 827 2194 954; baseline 0 -28"><span class='ocrx_word' id='word_1_6' title='bbox 273 857 332 930; x_wconf 70' lang='lat' dir='ltr'><strong>ii.</strong></span> <span class='ocrx_word' id='word_1_7' title='bbox 382 851 600 952; x_wconf 76' lang='lat' dir='ltr'><strong>Superdnum</strong></span> <span class='ocrx_word' id='word_1_8' title='bbox 625 865 714 930; x_wconf 81' lang='lat' dir='ltr'><strong>esset</strong></span> <span class='ocrx_word' id='word_1_9' title='bbox 737 855 896 954; x_wconf 83' lang='lat' dir='ltr'><strong>exemplis</strong></span> <span class='ocrx_word' id='word_1_10' title='bbox 920 853 1010 928; x_wconf 86' lang='lat' dir='ltr'><strong>hano</strong></span> <span class='ocrx_word' id='word_1_11' title='bbox 1026 853 1187 948; x_wconf 77' lang='lat' dir='ltr'><strong>&#39;regulam</strong></span> <span class='ocrx_word' id='word_1_12' title='bbox 1210 872 1273 947; x_wconf 86' lang='lat' dir='ltr'><strong>per</strong></span> <span class='ocrx_word' id='word_1_13' title='bbox 1295 827 1493 924; x_wconf 70' lang='lat' dir='ltr'><strong>missilem</strong></span> <span class='ocrx_word' id='word_1_14' title='bbox 1515 849 1704 924; x_wconf 74' lang='lat' dir='ltr'><strong>idumraret</strong></span> <span class='ocrx_word' id='word_1_15' title='bbox 1735 870 1839 948; x_wconf 86' lang='lat' dir='ltr'><strong>quare</strong></span> <span class='ocrx_word' id='word_1_16' title='bbox 1865 849 1926 946; x_wconf 83' lang='lat' dir='ltr'><strong>ad</strong></span> <span class='ocrx_word' id='word_1_17' title='bbox 1941 851 2024 926; x_wconf 87' lang='lat' dir='ltr'><strong>alio&#39;s</strong></span> <span class='ocrx_word' id='word_1_18' title='bbox 2048 872 2194 946; x_wconf 64' lang='lat' dir='ltr'><strong>geuua-</strong></span> 
     </span>
     <span class='ocr_line' id='line_1_3' title="bbox 165 985 2193 1094; baseline -0.003 -22"><span class='ocrx_word' id='word_1_19' title='bbox 165 995 419 1076; x_wconf 79' lang='lat' dir='ltr'><strong>tionismodos</strong></span> <span class='ocrx_word' id='word_1_20' title='bbox 442 995 717 1092; x_wconf 78' lang='lat' dir='ltr'><strong>progrediamur,</strong></span> <span class='ocrx_word' id='word_1_21' title='bbox 748 1000 784 1070; x_wconf 93' lang='lat' dir='ltr'><strong>in</strong></span> <span class='ocrx_word' id='word_1_22' title='bbox 808 997 931 1094; x_wconf 88' lang='lat' dir='ltr'><strong>quibus</strong></span> <span class='ocrx_word' id='word_1_23' title='bbox 954 996 1139 1092; x_wconf 73' lang='lat' dir='ltr'><strong>applicatae</strong></span> <span class='ocrx_word' id='word_1_24' title='bbox 1170 1015 1240 1066; x_wconf 87' lang='lat' dir='ltr'><strong>nou</strong></span> <span class='ocrx_word' id='word_1_25' title='bbox 1261 999 1304 1064; x_wconf 83' lang='lat' dir='ltr'><strong>&#39;ex</strong></span> <span class='ocrx_word' id='word_1_26' title='bbox 1334 1001 1461 1088; x_wconf 83' lang='lat' dir='ltr'><strong>punem</strong></span> <span class='ocrx_word' id='word_1_27' title='bbox 1486 994 1647 1090; x_wconf 87' lang='lat' dir='ltr'><strong>quopitm</strong></span> <span class='ocrx_word' id='word_1_28' title='bbox 1664 985 2003 1089; x_wconf 77' lang='lat' dir='ltr'><strong>diro&#39;egrediuutur,</strong></span> <span class='ocrx_word' id='word_1_29' title='bbox 2039 989 2193 1066; x_wconf 70' lang='lat' dir='ltr'><strong>sedulio</strong></span> 
     </span>
     <span class='ocr_line' id='line_1_4' title="bbox 168 1131 2193 1240; baseline -0.003 -30"><span class='ocrx_word' id='word_1_30' title='bbox 168 1135 275 1212; x_wconf 91' lang='lat' dir='ltr'><strong>modo</strong></span> <span class='ocrx_word' id='word_1_31' title='bbox 295 1131 511 1210; x_wconf 82' lang='lat' dir='ltr'><strong>definiantur.</strong></span> <span class='ocrx_word' id='word_1_32' title='bbox 551 1136 616 1211; x_wconf 91' lang='lat' dir='ltr'><strong>Ubi</strong></span> <span class='ocrx_word' id='word_1_33' title='bbox 642 1161 720 1212; x_wconf 88' lang='lat' dir='ltr'><strong>cum</strong></span> <span class='ocrx_word' id='word_1_34' title='bbox 741 1133 873 1210; x_wconf 83' lang='lat' dir='ltr'><strong>infinita</strong></span> <span class='ocrx_word' id='word_1_35' title='bbox 894 1139 1038 1210; x_wconf 87' lang='lat' dir='ltr'><strong>varietas</strong></span> <span class='ocrx_word' id='word_1_36' title='bbox 1057 1135 1170 1208; x_wconf 90' lang='lat' dir='ltr'><strong>locum</strong></span> <span class='ocrx_word' id='word_1_37' title='bbox 1187 1131 1324 1222; x_wconf 87' lang='lat' dir='ltr'><strong>habeut,</strong></span> <span class='ocrx_word' id='word_1_38' title='bbox 1349 1156 1390 1206; x_wconf 88' lang='lat' dir='ltr'><strong>ex</strong></span> <span class='ocrx_word' id='word_1_39' title='bbox 1415 1155 1455 1205; x_wconf 92' lang='lat' dir='ltr'><strong>ea</strong></span> <span class='ocrx_word' id='word_1_40' title='bbox 1481 1131 1648 1228; x_wconf 89' lang='lat' dir='ltr'><strong>ejusmodi</strong></span> <span class='ocrx_word' id='word_1_41' title='bbox 1679 1155 1779 1206; x_wconf 86' lang='lat' dir='ltr'><strong>casus</strong></span> <span class='ocrx_word' id='word_1_42' title='bbox 1801 1131 1983 1240; x_wconf 76' lang='lat' dir='ltr'><strong>eligemus,</strong></span> <span class='ocrx_word' id='word_1_43' title='bbox 2010 1131 2193 1228; x_wconf 83' lang='lat' dir='ltr'><strong>inquibus</strong></span> 
     </span>
     <span class='ocr_line' id='line_1_5' title="bbox 167 1271 2242 1376; baseline -0.002 -24"><span class='ocrx_word' id='word_1_44' title='bbox 167 1280 393 1376; x_wconf 71' lang='lat' dir='ltr'><strong>proprietates</strong></span> <span class='ocrx_word' id='word_1_45' title='bbox 411 1300 491 1374; x_wconf 83' lang='lat' dir='ltr'><strong>prae</strong></span> <span class='ocrx_word' id='word_1_46' title='bbox 508 1280 629 1353; x_wconf 81' lang='lat' dir='ltr'><strong>ceteris</strong></span> <span class='ocrx_word' id='word_1_47' title='bbox 646 1287 768 1352; x_wconf 88' lang='lat' dir='ltr'><strong>notatu</strong></span> <span class='ocrx_word' id='word_1_48' title='bbox 788 1275 914 1372; x_wconf 84' lang='lat' dir='ltr'><strong>dignae</strong></span> <span class='ocrx_word' id='word_1_49' title='bbox 932 1287 1130 1351; x_wconf 82' lang='lat' dir='ltr'><strong>occurrunt.</strong></span> <span class='ocrx_word' id='word_1_50' title='bbox 1166 1275 1220 1350; x_wconf 79' lang='lat' dir='ltr'><strong>ae</strong></span> <span class='ocrx_word' id='word_1_51' title='bbox 1241 1271 1496 1372; x_wconf 82' lang='lat' dir='ltr'><strong>primoquidem</strong></span> <span class='ocrx_word' id='word_1_52' title='bbox 1517 1274 1689 1369; x_wconf 85' lang='lat' dir='ltr'><strong>proposita</strong></span> <span class='ocrx_word' id='word_1_53' title='bbox 1710 1275 1756 1344; x_wconf 89' lang='lat' dir='ltr'><strong>sit</strong></span> <span class='ocrx_word' id='word_1_54' title='bbox 1776 1271 1865 1369; x_wconf 79' lang='lat' dir='ltr'><strong>(Fig.</strong></span> <span class='ocrx_word' id='word_1_55' title='bbox 1880 1271 1942 1368; x_wconf 80' lang='lat' dir='ltr'><strong>ii)</strong></span> <span class='ocrx_word' id='word_1_56' title='bbox 1960 1295 2194 1370; x_wconf 75' lang='lat' dir='ltr'><strong>curvaquae·</strong></span> <span class='ocrx_word' id='word_1_57' title='bbox 2220 1283 2242 1327; x_wconf 65' lang='lat'><em>⁶</em></span> 
     </span>
     <span class='ocr_line' id='line_1_6' title="bbox 165 1413 2192 1514; baseline -0.002 -22"><span class='ocrx_word' id='word_1_58' title='bbox 165 1441 303 1514; x_wconf 86' lang='lat' dir='ltr'><strong>cunque</strong></span> <span class='ocrx_word' id='word_1_59' title='bbox 322 1417 398 1506; x_wconf 75' lang='lat' dir='ltr'><strong>Ab,</strong></span> <span class='ocrx_word' id='word_1_60' title='bbox 424 1441 465 1490; x_wconf 84' lang='lat' dir='ltr'><strong>ex</strong></span> <span class='ocrx_word' id='word_1_61' title='bbox 492 1421 620 1514; x_wconf 88' lang='lat' dir='ltr'><strong>qualia</strong></span> <span class='ocrx_word' id='word_1_62' title='bbox 640 1415 803 1490; x_wconf 87' lang='lat' dir='ltr'><strong>iurmetur</strong></span> <span class='ocrx_word' id='word_1_63' title='bbox 820 1418 885 1492; x_wconf 86' lang='lat' dir='ltr'><strong>ulia</strong></span> <span class='ocrx_word' id='word_1_64' title='bbox 901 1418 979 1506; x_wconf 89' lang='grc' dir='ltr'><strong>ΒΜ,</strong></span> <span class='ocrx_word' id='word_1_65' title='bbox 1006 1427 1045 1490; x_wconf 90' lang='lat' dir='ltr'><strong>ut</strong></span> <span class='ocrx_word' id='word_1_66' title='bbox 1061 1426 1176 1490; x_wconf 90' lang='lat' dir='ltr'><strong>rectae</strong></span> <span class='ocrx_word' id='word_1_67' title='bbox 1195 1415 1271 1504; x_wconf 84' lang='grc' dir='ltr'><strong>ΙΜ,</strong></span> <span class='ocrx_word' id='word_1_68' title='bbox 1295 1437 1381 1510; x_wconf 86' lang='lat' dir='ltr'><strong>quae</strong></span> <span class='ocrx_word' id='word_1_69' title='bbox 1400 1436 1524 1486; x_wconf 85' lang='lat' dir='ltr'><strong>curvae</strong></span> <span class='ocrx_word' id='word_1_70' title='bbox 1542 1413 1641 1486; x_wconf 84' lang='lat' dir='ltr'><strong>datae</strong></span> <span class='ocrx_word' id='word_1_71' title='bbox 1659 1415 1865 1486; x_wconf 84' lang='lat' dir='ltr'><strong>normaliter</strong></span> <span class='ocrx_word' id='word_1_72' title='bbox 1875 1415 2040 1500; x_wconf 87' lang='lat' dir='ltr'><strong>insistant,</strong></span> <span class='ocrx_word' id='word_1_73' title='bbox 2067 1414 2192 1510; x_wconf 78' lang='lat' dir='ltr'><strong>urbique</strong></span> 
     </span>
     <span class='ocr_line' id='line_1_7' title="bbox 166 1525 2258 1658; baseline -0.002 -26"><span class='ocrx_word' id='word_1_74' title='bbox 166 1555 323 1658; x_wconf 83' lang='lat' dir='ltr'><strong>ejusdem</strong></span> <span class='ocrx_word' id='word_1_75' title='bbox 348 1557 572 1654; x_wconf 74' lang='lat' dir='ltr'><strong>longitudinis</strong></span> <span class='ocrx_word' id='word_1_76' title='bbox 597 1561 784 1654; x_wconf 88' lang='lat' dir='ltr'><strong>capiantur.</strong></span> <span class='ocrx_word' id='word_1_77' title='bbox 821 1525 1023 1637; x_wconf 80' lang='lat' dir='ltr'><strong>llscmodo</strong></span> <span class='ocrx_word' id='word_1_78' title='bbox 1048 1553 1264 1630; x_wconf 75' lang='lat' dir='ltr'><strong>manifestum</strong></span> <span class='ocrx_word' id='word_1_79' title='bbox 1288 1565 1352 1644; x_wconf 79' lang='lat' dir='ltr'><strong>est,</strong></span> <span class='ocrx_word' id='word_1_80' title='bbox 1378 1558 1408 1628; x_wconf 91' lang='lat' dir='ltr'><strong>si</strong></span> <span class='ocrx_word' id='word_1_81' title='bbox 1433 1555 1519 1628; x_wconf 89' lang='lat' dir='ltr'><strong>linea</strong></span> <span class='ocrx_word' id='word_1_82' title='bbox 1543 1553 1614 1628; x_wconf 86' lang='lat' dir='ltr'><strong>AL</strong></span> <span class='ocrx_word' id='word_1_83' title='bbox 1637 1549 1741 1634; x_wconf 84' lang='lat' dir='ltr'><strong>inerit</strong></span> <span class='ocrx_word' id='word_1_84' title='bbox 1763 1563 1866 1642; x_wconf 87' lang='lat' dir='ltr'><strong>recta,</strong></span> <span class='ocrx_word' id='word_1_85' title='bbox 1892 1554 2031 1628; x_wconf 84' lang='lat' dir='ltr'><strong>alteram</strong></span> <span class='ocrx_word' id='word_1_86' title='bbox 2053 1577 2191 1650; x_wconf 89' lang='lat' dir='ltr'><strong>quoque</strong></span> <span class='ocrx_word' id='word_1_87' title='bbox 2254 1563 2258 1568; x_wconf 87' lang='lat'>&#39;</span> 
     </span>
     <span class='ocr_line' id='line_1_8' title="bbox 166 1693 2191 1796; baseline -0.002 -22"><span class='ocrx_word' id='word_1_88' title='bbox 166 1709 297 1774; x_wconf 86' lang='lat' dir='ltr'><strong>rectam</strong></span> <span class='ocrx_word' id='word_1_89' title='bbox 323 1699 371 1773; x_wconf 89' lang='lat' dir='ltr'><strong>illi</strong></span> <span class='ocrx_word' id='word_1_90' title='bbox 397 1699 590 1796; x_wconf 89' lang='lat' dir='ltr'><strong>parallelam</strong></span> <span class='ocrx_word' id='word_1_91' title='bbox 616 1724 689 1773; x_wconf 90' lang='lat' dir='ltr'><strong>esse</strong></span> <span class='ocrx_word' id='word_1_92' title='bbox 713 1697 880 1788; x_wconf 67' lang='lat' dir='ltr'><strong>loturam,</strong></span> <span class='ocrx_word' id='word_1_93' title='bbox 918 1722 959 1772; x_wconf 85' lang='lat' dir='ltr'><strong>ae</strong></span> <span class='ocrx_word' id='word_1_94' title='bbox 983 1703 1011 1771; x_wconf 90' lang='lat' dir='ltr'><strong>si</strong></span> <span class='ocrx_word' id='word_1_95' title='bbox 1038 1700 1131 1772; x_wconf 87' lang='lat' dir='ltr'><strong>linea</strong></span> <span class='ocrx_word' id='word_1_96' title='bbox 1154 1697 1220 1773; x_wconf 77' lang='lat' dir='ltr'><strong>Ab</strong></span> <span class='ocrx_word' id='word_1_97' title='bbox 1247 1700 1293 1770; x_wconf 88' lang='lat' dir='ltr'><strong>sit</strong></span> <span class='ocrx_word' id='word_1_98' title='bbox 1316 1697 1482 1792; x_wconf 83' lang='lat' dir='ltr'><strong>circulus,</strong></span> <span class='ocrx_word' id='word_1_99' title='bbox 1510 1695 1653 1770; x_wconf 84' lang='lat' dir='ltr'><strong>alteram</strong></span> <span class='ocrx_word' id='word_1_100' title='bbox 1678 1699 1754 1770; x_wconf 97' lang='grc' dir='ltr'><strong>ΒΜ</strong></span> <span class='ocrx_word' id='word_1_101' title='bbox 1775 1699 1900 1793; x_wconf 89' lang='lat' dir='ltr'><strong>pariter</strong></span> <span class='ocrx_word' id='word_1_102' title='bbox 1925 1693 1997 1770; x_wconf 85' lang='lat' dir='ltr'><strong>iore</strong></span> <span class='ocrx_word' id='word_1_103' title='bbox 2023 1697 2191 1772; x_wconf 89' lang='lat' dir='ltr'><strong>circulum</strong></span> 
     </span>
     <span class='ocr_line' id='line_1_9' title="bbox 165 1837 2192 1942; baseline -0.001 -26"><span class='ocrx_word' id='word_1_104' title='bbox 165 1845 229 1942; x_wconf 87' lang='lat' dir='ltr'><strong>ipsi</strong></span> <span class='ocrx_word' id='word_1_105' title='bbox 257 1847 526 1918; x_wconf 90' lang='lat' dir='ltr'><strong>conceutricum.</strong></span> <span class='ocrx_word' id='word_1_106' title='bbox 576 1845 766 1918; x_wconf 71' lang='lat' dir='ltr'><strong>Generatim</strong></span> <span class='ocrx_word' id='word_1_107' title='bbox 791 1866 874 1938; x_wconf 87' lang='lat' dir='ltr'><strong>ergo</strong></span> <span class='ocrx_word' id='word_1_108' title='bbox 904 1865 983 1918; x_wconf 86' lang='lat' dir='ltr'><strong>euru</strong></span> <span class='ocrx_word' id='word_1_109' title='bbox 1008 1842 1118 1936; x_wconf 73' lang='lat' dir='ltr'><strong>lineae</strong></span> <span class='ocrx_word' id='word_1_110' title='bbox 1146 1837 1217 1916; x_wconf 78' lang='lat' dir='ltr'><strong>Au</strong></span> <span class='ocrx_word' id='word_1_111' title='bbox 1247 1851 1282 1912; x_wconf 91' lang='lat' dir='ltr'><strong>et</strong></span> <span class='ocrx_word' id='word_1_112' title='bbox 1309 1838 1389 1912; x_wconf 85' lang='grc' dir='ltr'><strong>ΒΜ</strong></span> <span class='ocrx_word' id='word_1_113' title='bbox 1415 1839 1539 1936; x_wconf 88' lang='lat' dir='ltr'><strong>ubique</strong></span> <span class='ocrx_word' id='word_1_114' title='bbox 1569 1842 1686 1936; x_wconf 91' lang='lat' dir='ltr'><strong>aequis</strong></span> <span class='ocrx_word' id='word_1_115' title='bbox 1717 1841 1904 1912; x_wconf 88' lang='lat' dir='ltr'><strong>intervallis</strong></span> <span class='ocrx_word' id='word_1_116' title='bbox 1932 1864 1953 1914; x_wconf 91' lang='lat' dir='ltr'><strong>a</strong></span> <span class='ocrx_word' id='word_1_117' title='bbox 1982 1843 2192 1922; x_wconf 76' lang='lat' dir='ltr'><strong>seinvicem</strong></span> 
     </span>
     <span class='ocr_line' id='line_1_10' title="bbox 166 1980 2191 2080; baseline -0.001 -22"><span class='ocrx_word' id='word_1_118' title='bbox 166 1981 311 2074; x_wconf 89' lang='lat' dir='ltr'><strong>distent,</strong></span> <span class='ocrx_word' id='word_1_119' title='bbox 341 1983 522 2080; x_wconf 82' lang='lat' dir='ltr'><strong>parallelae</strong></span> <span class='ocrx_word' id='word_1_120' title='bbox 552 1985 640 2058; x_wconf 89' lang='lat' dir='ltr'><strong>luter</strong></span> <span class='ocrx_word' id='word_1_121' title='bbox 669 2007 707 2058; x_wconf 86' lang='lat' dir='ltr'><strong>se</strong></span> <span class='ocrx_word' id='word_1_122' title='bbox 736 1995 838 2058; x_wconf 86' lang='lat' dir='ltr'><strong>erunt</strong></span> <span class='ocrx_word' id='word_1_123' title='bbox 867 1983 1069 2072; x_wconf 86' lang='lat' dir='ltr'><strong>censendae,</strong></span> <span class='ocrx_word' id='word_1_124' title='bbox 1101 1991 1265 2080; x_wconf 89' lang='lat' dir='ltr'><strong>quaeest</strong></span> <span class='ocrx_word' id='word_1_125' title='bbox 1290 1980 1365 2054; x_wconf 91' lang='lat' dir='ltr'><strong>idea</strong></span> <span class='ocrx_word' id='word_1_126' title='bbox 1390 1983 1530 2054; x_wconf 81' lang='lat' dir='ltr'><strong>maxime</strong></span> <span class='ocrx_word' id='word_1_127' title='bbox 1560 1981 1746 2078; x_wconf 89' lang='lat' dir='ltr'><strong>adaequata</strong></span> <span class='ocrx_word' id='word_1_128' title='bbox 1773 1982 1989 2079; x_wconf 89' lang='lat' dir='ltr'><strong>parallelismi</strong></span> <span class='ocrx_word' id='word_1_129' title='bbox 2014 1981 2057 2056; x_wconf 89' lang='lat' dir='ltr'><strong>ad</strong></span> <span class='ocrx_word' id='word_1_130' title='bbox 2084 1981 2191 2056; x_wconf 86' lang='lat' dir='ltr'><strong>lineas</strong></span> 
     </span>
     <span class='ocr_line' id='line_1_11' title="bbox 164 2124 538 2200; baseline 0 0"><span class='ocrx_word' id='word_1_131' title='bbox 164 2147 288 2200; x_wconf 88' lang='lat' dir='ltr'><strong>curvas</strong></span> <span class='ocrx_word' id='word_1_132' title='bbox 313 2124 538 2200; x_wconf 86' lang='lat' dir='ltr'><strong>accomodati.</strong></span> 
     </span>
    </p>

    <p class='ocr_par' dir='ltr' id='par_1_3' title="bbox 163 2239 2187 2796">
     <span class='ocr_line' id='line_1_12' title="bbox 172 2239 2186 2360; baseline -0 -22"><span class='ocrx_word' id='word_1_133' title='bbox 172 2345 175 2352; x_wconf 11' lang='lat' dir='ltr'>A</span> <span class='ocrx_word' id='word_1_134' title='bbox 268 2269 326 2342; x_wconf 77' lang='lat' dir='ltr'><strong>ta.</strong></span> <span class='ocrx_word' id='word_1_135' title='bbox 377 2265 460 2354; x_wconf 84' lang='lat' dir='ltr'><strong>Quia</strong></span> <span class='ocrx_word' id='word_1_136' title='bbox 489 2265 598 2340; x_wconf 89' lang='lat' dir='ltr'><strong>liueae</strong></span> <span class='ocrx_word' id='word_1_137' title='bbox 627 2265 702 2340; x_wconf 83' lang='lat' dir='ltr'><strong>ML</strong></span> <span class='ocrx_word' id='word_1_138' title='bbox 727 2275 763 2340; x_wconf 86' lang='lat' dir='ltr'><strong>et</strong></span> <span class='ocrx_word' id='word_1_139' title='bbox 792 2267 846 2338; x_wconf 86' lang='lat' dir='ltr'><strong>ml</strong></span> <span class='ocrx_word' id='word_1_140' title='bbox 874 2263 919 2338; x_wconf 88' lang='lat' dir='ltr'><strong>ad</strong></span> <span class='ocrx_word' id='word_1_141' title='bbox 949 2288 1087 2340; x_wconf 71' lang='lat' dir='ltr'><strong>cunam</strong></span> <span class='ocrx_word' id='word_1_142' title='bbox 1115 2263 1187 2340; x_wconf 79' lang='lat' dir='ltr'><strong>Au</strong></span> <span class='ocrx_word' id='word_1_143' title='bbox 1215 2275 1387 2360; x_wconf 88' lang='lat' dir='ltr'><strong>ponuntur</strong></span> <span class='ocrx_word' id='word_1_144' title='bbox 1417 2265 1588 2338; x_wconf 83' lang='lat' dir='ltr'><strong>normales</strong></span> <span class='ocrx_word' id='word_1_145' title='bbox 1616 2239 1716 2360; x_wconf 85' lang='lat' dir='ltr'><strong>atque</strong></span> <span class='ocrx_word' id='word_1_146' title='bbox 1742 2261 1831 2343; x_wconf 85' lang='lat' dir='ltr'><strong>iuter</strong></span> <span class='ocrx_word' id='word_1_147' title='bbox 1852 2288 1891 2338; x_wconf 90' lang='lat' dir='ltr'><strong>se</strong></span> <span class='ocrx_word' id='word_1_148' title='bbox 1915 2265 2071 2360; x_wconf 79' lang='lat' dir='ltr'><strong>aequales</strong></span> <span class='ocrx_word' id='word_1_149' title='bbox 2095 2273 2186 2350; x_wconf 88' lang='lat' dir='ltr'><strong>snut,</strong></span> 
     </span>
     <span class='ocr_line' id='line_1_13' title="bbox 164 2404 2185 2506; baseline -0.002 -26"><span class='ocrx_word' id='word_1_150' title='bbox 164 2405 304 2481; x_wconf 84' lang='lat' dir='ltr'><strong>eaedem</strong></span> <span class='ocrx_word' id='word_1_151' title='bbox 329 2431 463 2506; x_wconf 91' lang='lat' dir='ltr'><strong>quoque</strong></span> <span class='ocrx_word' id='word_1_152' title='bbox 489 2411 524 2480; x_wconf 90' lang='lat' dir='ltr'><strong>iu</strong></span> <span class='ocrx_word' id='word_1_153' title='bbox 549 2409 688 2482; x_wconf 87' lang='lat' dir='ltr'><strong>alteram</strong></span> <span class='ocrx_word' id='word_1_154' title='bbox 713 2430 850 2480; x_wconf 90' lang='lat' dir='ltr'><strong>curvam</strong></span> <span class='ocrx_word' id='word_1_155' title='bbox 875 2411 1023 2504; x_wconf 83' lang='lat' dir='ltr'><strong>genitam</strong></span> <span class='ocrx_word' id='word_1_156' title='bbox 1048 2411 1122 2482; x_wconf 87' lang='lat' dir='ltr'><strong>BM</strong></span> <span class='ocrx_word' id='word_1_157' title='bbox 1141 2419 1243 2482; x_wconf 91' lang='lat' dir='ltr'><strong>eruut</strong></span> <span class='ocrx_word' id='word_1_158' title='bbox 1264 2409 1444 2482; x_wconf 87' lang='lat' dir='ltr'><strong>normales.</strong></span> <span class='ocrx_word' id='word_1_159' title='bbox 1487 2405 1725 2484; x_wconf 82' lang='lat' dir='ltr'><strong>Producuntur</strong></span> <span class='ocrx_word' id='word_1_160' title='bbox 1749 2409 1838 2480; x_wconf 87' lang='lat' dir='ltr'><strong>euim</strong></span> <span class='ocrx_word' id='word_1_161' title='bbox 1863 2406 1926 2478; x_wconf 89' lang='lat' dir='ltr'><strong>bae</strong></span> <span class='ocrx_word' id='word_1_162' title='bbox 1953 2404 2039 2478; x_wconf 89' lang='lat' dir='ltr'><strong>duae</strong></span> <span class='ocrx_word' id='word_1_163' title='bbox 2065 2405 2185 2494; x_wconf 88' lang='lat' dir='ltr'><strong>lineae,</strong></span> 
     </span>
     <span class='ocr_line' id='line_1_14' title="bbox 164 2543 2187 2646; baseline -0.001 -25"><span class='ocrx_word' id='word_1_164' title='bbox 164 2545 277 2621; x_wconf 89' lang='lat' dir='ltr'><strong>donec</strong></span> <span class='ocrx_word' id='word_1_165' title='bbox 300 2560 508 2640; x_wconf 75' lang='lat' dir='ltr'><strong>concurrant</strong></span> <span class='ocrx_word' id='word_1_166' title='bbox 532 2551 568 2622; x_wconf 90' lang='lat' dir='ltr'><strong>io</strong></span> <span class='ocrx_word' id='word_1_167' title='bbox 593 2561 719 2644; x_wconf 88' lang='lat' dir='ltr'><strong>puncto</strong></span> <span class='ocrx_word' id='word_1_168' title='bbox 742 2549 803 2636; x_wconf 88' lang='grc'><strong>0,·</strong></span> <span class='ocrx_word' id='word_1_169' title='bbox 821 2561 857 2622; x_wconf 90' lang='lat' dir='ltr'><strong>et</strong></span> <span class='ocrx_word' id='word_1_170' title='bbox 883 2552 958 2646; x_wconf 88' lang='lat' dir='ltr'><strong>quia</strong></span> <span class='ocrx_word' id='word_1_171' title='bbox 984 2551 1092 2624; x_wconf 84' lang='lat' dir='ltr'><strong>lineae</strong></span> <span class='ocrx_word' id='word_1_172' title='bbox 1120 2549 1183 2624; x_wconf 80' lang='lat' dir='ltr'><strong>ot</strong></span> <span class='ocrx_word' id='word_1_173' title='bbox 1214 2561 1250 2622; x_wconf 87' lang='lat' dir='ltr'><strong>et</strong></span> <span class='ocrx_word' id='word_1_174' title='bbox 1280 2551 1328 2623; x_wconf 89' lang='lat' dir='ltr'><strong>Ol</strong></span> <span class='ocrx_word' id='word_1_175' title='bbox 1353 2547 1503 2622; x_wconf 86' lang='lat' dir='ltr'><strong>suntad</strong></span> <span class='ocrx_word' id='word_1_176' title='bbox 1528 2571 1665 2623; x_wconf 85' lang='lat' dir='ltr'><strong>curvam</strong></span> <span class='ocrx_word' id='word_1_177' title='bbox 1691 2549 1876 2638; x_wconf 86' lang='lat' dir='ltr'><strong>normales,</strong></span> <span class='ocrx_word' id='word_1_178' title='bbox 1908 2547 2110 2620; x_wconf 87' lang='lat' dir='ltr'><strong>elementum</strong></span> <span class='ocrx_word' id='word_1_179' title='bbox 2136 2543 2187 2618; x_wconf 79' lang='lat' dir='ltr'><strong>tt</strong></span> 
     </span>
     <span class='ocr_line' id='line_1_15' title="bbox 163 2685 2185 2796; baseline -0.002 -34"><span class='ocrx_word' id='word_1_180' title='bbox 163 2685 396 2765; x_wconf 78' lang='lat' dir='ltr'><strong>confundetur</strong></span> <span class='ocrx_word' id='word_1_181' title='bbox 419 2711 499 2762; x_wconf 90' lang='lat' dir='ltr'><strong>cum</strong></span> <span class='ocrx_word' id='word_1_182' title='bbox 522 2691 640 2762; x_wconf 91' lang='lat' dir='ltr'><strong>arculo</strong></span> <span class='ocrx_word' id='word_1_183' title='bbox 664 2691 781 2764; x_wconf 86' lang='lat' dir='ltr'><strong>circuli</strong></span> <span class='ocrx_word' id='word_1_184' title='bbox 808 2702 928 2796; x_wconf 79' lang='lat' dir='ltr'><strong>centro</strong></span> <span class='ocrx_word' id='word_1_185' title='bbox 953 2692 983 2792; x_wconf 78' lang='lat' dir='ltr'><em>Q</em></span> <span class='ocrx_word' id='word_1_186' title='bbox 1007 2690 1180 2788; x_wconf 83' lang='lat' dir='ltr'><strong>descripti,</strong></span> <span class='ocrx_word' id='word_1_187' title='bbox 1208 2694 1340 2788; x_wconf 88' lang='lat' dir='ltr'><strong>eritque</strong></span> <span class='ocrx_word' id='word_1_188' title='bbox 1364 2713 1449 2786; x_wconf 90' lang='lat' dir='ltr'><strong>ergo</strong></span> <span class='ocrx_word' id='word_1_189' title='bbox 1477 2689 1595 2764; x_wconf 75' lang='lat' dir='ltr'><strong>Ob:</strong></span> <span class='ocrx_word' id='word_1_190' title='bbox 1611 2691 1675 2780; x_wconf 77' lang='lat'><strong>013</strong></span> <span class='ocrx_word' id='word_1_191' title='bbox 1702 2689 1793 2762; x_wconf 91' lang='lat' dir='ltr'><strong>uude</strong></span> <span class='ocrx_word' id='word_1_192' title='bbox 1818 2714 1897 2762; x_wconf 90' lang='lat' dir='ltr'><strong>cum</strong></span> <span class='ocrx_word' id='word_1_193' title='bbox 1922 2692 1966 2760; x_wconf 90' lang='lat' dir='ltr'><strong>sit</strong></span> <span class='ocrx_word' id='word_1_194' title='bbox 1993 2687 2185 2775; x_wconf 81' lang='lat' dir='ltr'><strong>ttt=tm,</strong></span> 
     </span>
    </p>

    <p class='ocr_par' dir='ltr' id='par_1_4' title="bbox 21 2811 2326 3500">
     <span class='ocr_line' id='line_1_16' title="bbox 21 2811 2184 2928; baseline -0.001 -26"><span class='ocrx_word' id='word_1_195' title='bbox 21 2908 24 2917; x_wconf 64' lang='grc'>,</span> <span class='ocrx_word' id='word_1_196' title='bbox 164 2833 230 2904; x_wconf 88' lang='lat' dir='ltr'><strong>erit</strong></span> <span class='ocrx_word' id='word_1_197' title='bbox 254 2854 391 2928; x_wconf 91' lang='lat' dir='ltr'><strong>quoque</strong></span> <span class='ocrx_word' id='word_1_198' title='bbox 418 2831 490 2906; x_wconf 90' lang='lat' dir='ltr'><strong>OM</strong></span> <span class='ocrx_word' id='word_1_199' title='bbox 499 2831 645 2922; x_wconf 78' lang='grc' dir='ltr'><strong>τ-θιιι,</strong></span> <span class='ocrx_word' id='word_1_200' title='bbox 669 2836 834 2928; x_wconf 81' lang='lat' dir='ltr'><strong>quocirca</strong></span> <span class='ocrx_word' id='word_1_201' title='bbox 855 2843 890 2904; x_wconf 92' lang='lat' dir='ltr'><strong>et</strong></span> <span class='ocrx_word' id='word_1_202' title='bbox 913 2831 976 2904; x_wconf 91' lang='lat' dir='ltr'><strong>bae</strong></span> <span class='ocrx_word' id='word_1_203' title='bbox 1002 2833 1108 2909; x_wconf 89' lang='lat' dir='ltr'><strong>lineae</strong></span> <span class='ocrx_word' id='word_1_204' title='bbox 1140 2835 1208 2907; x_wconf 88' lang='lat' dir='ltr'><strong>OM</strong></span> <span class='ocrx_word' id='word_1_205' title='bbox 1227 2829 1262 2904; x_wconf 80' lang='lat' dir='ltr'><strong>e&#39;t</strong></span> <span class='ocrx_word' id='word_1_206' title='bbox 1288 2836 1351 2904; x_wconf 78' lang='lat' dir='ltr'><strong>Ona</strong></span> <span class='ocrx_word' id='word_1_207' title='bbox 1376 2831 1419 2904; x_wconf 92' lang='lat' dir='ltr'><strong>ad</strong></span> <span class='ocrx_word' id='word_1_208' title='bbox 1445 2855 1584 2904; x_wconf 92' lang='lat' dir='ltr'><strong>curvam</strong></span> <span class='ocrx_word' id='word_1_209' title='bbox 1610 2835 1758 2926; x_wconf 87' lang='lat' dir='ltr'><strong>genitam</strong></span> <span class='ocrx_word' id='word_1_210' title='bbox 1786 2832 1861 2908; x_wconf 91' lang='grc' dir='ltr'><strong>ΒΜ</strong></span> <span class='ocrx_word' id='word_1_211' title='bbox 1880 2842 1980 2902; x_wconf 90' lang='lat' dir='ltr'><strong>erunt</strong></span> <span class='ocrx_word' id='word_1_212' title='bbox 2005 2811 2184 2927; x_wconf 83' lang='lat' dir='ltr'><strong>normales,</strong></span> 
     </span>
     <span class='ocr_line' id='line_1_17' title="bbox 163 2947 2188 3070; baseline -0.003 -24"><span class='ocrx_word' id='word_1_213' title='bbox 163 2975 282 3068; x_wconf 87' lang='lat' dir='ltr'><strong>sicque</strong></span> <span class='ocrx_word' id='word_1_214' title='bbox 314 2973 413 3042; x_wconf 89' lang='lat' dir='ltr'><strong>etin</strong></span> <span class='ocrx_word' id='word_1_215' title='bbox 444 2970 511 3044; x_wconf 92' lang='lat' dir='ltr'><strong>boc</strong></span> <span class='ocrx_word' id='word_1_216' title='bbox 543 2955 733 3045; x_wconf 82' lang='lat' dir='ltr'><strong>communis</strong></span> <span class='ocrx_word' id='word_1_217' title='bbox 762 2947 976 3070; x_wconf 87' lang='lat' dir='ltr'><strong>parallelismi</strong></span> <span class='ocrx_word' id='word_1_218' title='bbox 1005 2985 1126 3046; x_wconf 87' lang='lat' dir='ltr'><strong>natura</strong></span> <span class='ocrx_word' id='word_1_219' title='bbox 1160 2973 1275 3046; x_wconf 90' lang='lat' dir='ltr'><strong>locum</strong></span> <span class='ocrx_word' id='word_1_220' title='bbox 1306 2971 1424 3061; x_wconf 90' lang='lat' dir='ltr'><strong>babet,</strong></span> <span class='ocrx_word' id='word_1_221' title='bbox 1462 2982 1503 3045; x_wconf 91' lang='lat' dir='ltr'><strong>nt</strong></span> <span class='ocrx_word' id='word_1_222' title='bbox 1538 2994 1624 3068; x_wconf 92' lang='lat' dir='ltr'><strong>quae</strong></span> <span class='ocrx_word' id='word_1_223' title='bbox 1654 2971 1741 3043; x_wconf 89' lang='lat' dir='ltr'><strong>linea</strong></span> <span class='ocrx_word' id='word_1_224' title='bbox 1772 2973 1805 3042; x_wconf 94' lang='lat' dir='ltr'><strong>iu</strong></span> <span class='ocrx_word' id='word_1_225' title='bbox 1840 2971 1980 3042; x_wconf 87' lang='lat' dir='ltr'><strong>alteram</strong></span> <span class='ocrx_word' id='word_1_226' title='bbox 2011 2989 2188 3042; x_wconf 89' lang='lat' dir='ltr'><strong>curvarum</strong></span> 
     </span>
     <span class='ocr_line' id='line_1_18' title="bbox 163 3079 2326 3222; baseline -0.002 -36"><span class='ocrx_word' id='word_1_227' title='bbox 163 3109 198 3186; x_wconf 83' lang='lat' dir='ltr'><em>A</em></span> <span class='ocrx_word' id='word_1_228' title='bbox 206 3111 235 3184; x_wconf 82' lang='lat' dir='ltr'><strong>b</strong></span> <span class='ocrx_word' id='word_1_229' title='bbox 260 3123 296 3184; x_wconf 92' lang='lat' dir='ltr'><strong>et</strong></span> <span class='ocrx_word' id='word_1_230' title='bbox 320 3113 396 3184; x_wconf 93' lang='grc' dir='ltr'><strong>ΒΜ</strong></span> <span class='ocrx_word' id='word_1_231' title='bbox 403 3079 482 3184; x_wconf 78' lang='lat' dir='ltr'><strong>&#39;svnt</strong></span> <span class='ocrx_word' id='word_1_232' title='bbox 507 3113 743 3210; x_wconf 86' lang='lat' dir='ltr'><strong>parallelarum</strong></span> <span class='ocrx_word' id='word_1_233' title='bbox 772 3117 816 3188; x_wconf 90' lang='lat' dir='ltr'><strong>sit</strong></span> <span class='ocrx_word' id='word_1_234' title='bbox 840 3116 1017 3222; x_wconf 84' lang='lat' dir='ltr'><strong>normalis,</strong></span> <span class='ocrx_word' id='word_1_235' title='bbox 1048 3113 1166 3186; x_wconf 91' lang='lat' dir='ltr'><strong>eadem</strong></span> <span class='ocrx_word' id='word_1_236' title='bbox 1194 3101 1292 3186; x_wconf 86' lang='lat' dir='ltr'><strong>alteri</strong></span> <span class='ocrx_word' id='word_1_237' title='bbox 1318 3111 1640 3208; x_wconf 83' lang='lat' dir='ltr'><strong>perpendiculariter</strong></span> <span class='ocrx_word' id='word_1_238' title='bbox 1664 3115 1809 3184; x_wconf 87' lang='lat' dir='ltr'><strong>insistat.</strong></span> <span class='ocrx_word' id='word_1_239' title='bbox 1838 3101 1948 3183; x_wconf 67' lang='lat' dir='ltr'><strong>&#39;Hinc</strong></span> <span class='ocrx_word' id='word_1_240' title='bbox 1972 3133 2057 3205; x_wconf 90' lang='lat' dir='ltr'><strong>ergo</strong></span> <span class='ocrx_word' id='word_1_241' title='bbox 2082 3132 2186 3206; x_wconf 90' lang='lat' dir='ltr'><strong>porro</strong></span> <span class='ocrx_word' id='word_1_242' title='bbox 2321 3121 2326 3126; x_wconf 84' lang='lat'>&#39;</span> 
     </span>
     <span class='ocr_line' id='line_1_19' title="bbox 163 3225 2186 3354; baseline -0.002 -28"><span class='ocrx_word' id='word_1_243' title='bbox 163 3256 318 3348; x_wconf 86' lang='lat' dir='ltr'><strong>sequitur</strong></span> <span class='ocrx_word' id='word_1_244' title='bbox 343 3264 537 3349; x_wconf 88' lang='lat' dir='ltr'><strong>tangentem</strong></span> <span class='ocrx_word' id='word_1_245' title='bbox 563 3277 684 3342; x_wconf 86' lang='lat' dir='ltr'><strong>curvae</strong></span> <span class='ocrx_word' id='word_1_246' title='bbox 709 3229 844 3352; x_wconf 86' lang='lat' dir='ltr'><strong>genitae</strong></span> <span class='ocrx_word' id='word_1_247' title='bbox 870 3256 947 3326; x_wconf 87' lang='lat' dir='ltr'><strong>MT</strong></span> <span class='ocrx_word' id='word_1_248' title='bbox 969 3255 1162 3354; x_wconf 89' lang='lat' dir='ltr'><strong>parallelam</strong></span> <span class='ocrx_word' id='word_1_249' title='bbox 1192 3250 1266 3326; x_wconf 85' lang='lat' dir='ltr'><strong>sore</strong></span> <span class='ocrx_word' id='word_1_250' title='bbox 1296 3225 1451 3348; x_wconf 81' lang='lat' dir='ltr'><strong>tangenti</strong></span> <span class='ocrx_word' id='word_1_251' title='bbox 1483 3276 1611 3325; x_wconf 85' lang='lat' dir='ltr'><strong>curvae</strong></span> <span class='ocrx_word' id='word_1_252' title='bbox 1634 3252 1739 3338; x_wconf 68' lang='lat' dir='ltr'><strong>‚datae</strong></span> <span class='ocrx_word' id='word_1_253' title='bbox 1766 3252 1844 3334; x_wconf 86' lang='lat' dir='ltr'><strong>LV,</strong></span> <span class='ocrx_word' id='word_1_254' title='bbox 1875 3255 1920 3323; x_wconf 89' lang='lat' dir='ltr'><strong>ita</strong></span> <span class='ocrx_word' id='word_1_255' title='bbox 1946 3263 1988 3324; x_wconf 89' lang='lat' dir='ltr'><strong>ut</strong></span> <span class='ocrx_word' id='word_1_256' title='bbox 2010 3253 2037 3322; x_wconf 89' lang='lat' dir='ltr'><strong>si</strong></span> <span class='ocrx_word' id='word_1_257' title='bbox 2064 3273 2186 3323; x_wconf 88' lang='lat' dir='ltr'><strong>curvae</strong></span> 
     </span>
     <span class='ocr_line' id='line_1_20' title="bbox 163 3359 2185 3500; baseline -0.001 -33"><span class='ocrx_word' id='word_1_258' title='bbox 163 3393 264 3468; x_wconf 86' lang='lat' dir='ltr'><strong>datae</strong></span> <span class='ocrx_word' id='word_1_259' title='bbox 301 3405 482 3490; x_wconf 88' lang='lat' dir='ltr'><strong>tangentes</strong></span> <span class='ocrx_word' id='word_1_260' title='bbox 518 3393 643 3469; x_wconf 89' lang='lat' dir='ltr'><strong>ducere</strong></span> <span class='ocrx_word' id='word_1_261' title='bbox 681 3365 867 3485; x_wconf 84' lang='lat' dir='ltr'><strong>valeamus,</strong></span> <span class='ocrx_word' id='word_1_262' title='bbox 904 3400 938 3468; x_wconf 90' lang='lat' dir='ltr'><strong>iu</strong></span> <span class='ocrx_word' id='word_1_263' title='bbox 967 3407 1113 3500; x_wconf 27' lang='lat' dir='ltr'><strong>&#39;promtu</strong></span> <span class='ocrx_word' id='word_1_264' title='bbox 1143 3397 1189 3468; x_wconf 89' lang='lat' dir='ltr'><strong>sit</strong></span> <span class='ocrx_word' id='word_1_265' title='bbox 1219 3418 1399 3470; x_wconf 85' lang='lat' dir='ltr'><strong>curvorum</strong></span> <span class='ocrx_word' id='word_1_266' title='bbox 1428 3395 1494 3466; x_wconf 91' lang='lat' dir='ltr'><strong>boc</strong></span> <span class='ocrx_word' id='word_1_267' title='bbox 1534 3359 1635 3467; x_wconf 85' lang='lat' dir='ltr'><strong>modo</strong></span> <span class='ocrx_word' id='word_1_268' title='bbox 1666 3391 1746 3466; x_wconf 91' lang='lat' dir='ltr'><strong>iude</strong></span> <span class='ocrx_word' id='word_1_269' title='bbox 1784 3397 1974 3490; x_wconf 88' lang='lat' dir='ltr'><strong>genitarum</strong></span> <span class='ocrx_word' id='word_1_270' title='bbox 2005 3403 2185 3488; x_wconf 87' lang='lat' dir='ltr'><strong>tangentes</strong></span> 
     </span>
    </p>

    <p class='ocr_par' dir='ltr' id='par_1_5' title="bbox 83 3514 1999 3644">
     <span class='ocr_line' id='line_1_21' title="bbox 83 3514 1999 3644; baseline -0.001 -35"><span class='ocrx_word' id='word_1_271' title='bbox 83 3621 86 3626; x_wconf 21' lang='lat'><strong>¹</strong></span> <span class='ocrx_word' id='word_1_272' title='bbox 163 3533 400 3637; x_wconf 85' lang='lat' dir='ltr'><strong>determinare.</strong></span> <span class='ocrx_word' id='word_1_273' title='bbox 524 3514 529 3526; x_wconf 50' lang='lat'><strong><em>⁵</em></strong></span> <span class='ocrx_word' id='word_1_274' title='bbox 833 3633 835 3638; x_wconf 66' lang='lat'><strong>,</strong></span> <span class='ocrx_word' id='word_1_275' title='bbox 1247 3637 1251 3644; x_wconf 28' lang='grc' dir='ltr'>Ι</span> <span class='ocrx_word' id='word_1_276' title='bbox 1300 3635 1303 3644; x_wconf 33' lang='grc' dir='ltr'>Ι</span> <span class='ocrx_word' id='word_1_277' title='bbox 1335 3614 1339 3620; x_wconf 57' lang='grc'>,</span> <span class='ocrx_word' id='word_1_278' title='bbox 1614 3635 1616 3638; x_wconf 16' lang='lat'>¹</span> <span class='ocrx_word' id='word_1_279' title='bbox 1693 3523 1698 3532; x_wconf 74' lang='grc'><strong>’</strong></span> <span class='ocrx_word' id='word_1_280' title='bbox 1996 3540 1999 3548; x_wconf 87' lang='grc'><strong>’</strong></span> 
     </span>
    </p>

    <p class='ocr_par' dir='ltr' id='par_1_6' title="bbox 158 3657 2333 5202">
     <span class='ocr_line' id='line_1_22' title="bbox 261 3657 2185 3776; baseline 0 -28"><span class='ocrx_word' id='word_1_281' title='bbox 261 3681 322 3749; x_wconf 79' lang='lat' dir='ltr'><strong>il.</strong></span> <span class='ocrx_word' id='word_1_282' title='bbox 371 3661 547 3750; x_wconf 79' lang='lat' dir='ltr'><strong>Praeterea</strong></span> <span class='ocrx_word' id='word_1_283' title='bbox 571 3689 683 3750; x_wconf 90' lang='lat' dir='ltr'><strong>autem</strong></span> <span class='ocrx_word' id='word_1_284' title='bbox 708 3671 858 3750; x_wconf 87' lang='lat' dir='ltr'><strong>affinitas</strong></span> <span class='ocrx_word' id='word_1_285' title='bbox 882 3677 1002 3756; x_wconf 91' lang='lat' dir='ltr'><strong>barum</strong></span> <span class='ocrx_word' id='word_1_286' title='bbox 1027 3703 1212 3758; x_wconf 89' lang='lat' dir='ltr'><strong>curvarum</strong></span> <span class='ocrx_word' id='word_1_287' title='bbox 1235 3679 1415 3774; x_wconf 89' lang='lat' dir='ltr'><strong>singularis</strong></span> <span class='ocrx_word' id='word_1_288' title='bbox 1430 3659 1492 3764; x_wconf 49' lang='lat' dir='ltr'><strong>&#39;est</strong></span> <span class='ocrx_word' id='word_1_289' title='bbox 1515 3657 1792 3776; x_wconf 48' lang='lat' dir='ltr'><strong>notandu,‘quae</strong></span> <span class='ocrx_word' id='word_1_290' title='bbox 1818 3681 1852 3750; x_wconf 91' lang='lat' dir='ltr'><strong>iu</strong></span> <span class='ocrx_word' id='word_1_291' title='bbox 1877 3677 1945 3750; x_wconf 92' lang='lat' dir='ltr'><strong>boc</strong></span> <span class='ocrx_word' id='word_1_292' title='bbox 1970 3688 2116 3764; x_wconf 87' lang='lat' dir='ltr'><strong>constat,</strong></span> <span class='ocrx_word' id='word_1_293' title='bbox 2144 3687 2185 3748; x_wconf 90' lang='lat' dir='ltr'><strong>ut</strong></span> 
     </span>
     <span class='ocr_line' id='line_1_23' title="bbox 162 3811 2184 3916; baseline -0.001 -24"><span class='ocrx_word' id='word_1_294' title='bbox 162 3816 343 3912; x_wconf 89' lang='lat' dir='ltr'><strong>longitudo</strong></span> <span class='ocrx_word' id='word_1_295' title='bbox 368 3839 492 3890; x_wconf 84' lang='lat' dir='ltr'><strong>curvae</strong></span> <span class='ocrx_word' id='word_1_296' title='bbox 521 3819 597 3890; x_wconf 92' lang='grc' dir='ltr'><strong>ΒΜ</strong></span> <span class='ocrx_word' id='word_1_297' title='bbox 616 3821 766 3915; x_wconf 87' lang='lat' dir='ltr'><strong>aequalis</strong></span> <span class='ocrx_word' id='word_1_298' title='bbox 789 3825 833 3892; x_wconf 89' lang='lat' dir='ltr'><strong>sit</strong></span> <span class='ocrx_word' id='word_1_299' title='bbox 856 3825 950 3894; x_wconf 90' lang='lat' dir='ltr'><strong>arcui</strong></span> <span class='ocrx_word' id='word_1_300' title='bbox 977 3843 1102 3896; x_wconf 88' lang='lat' dir='ltr'><strong>curvae</strong></span> <span class='ocrx_word' id='word_1_301' title='bbox 1128 3820 1228 3894; x_wconf 87' lang='lat' dir='ltr'><strong>datae</strong></span> <span class='ocrx_word' id='word_1_302' title='bbox 1253 3817 1329 3894; x_wconf 80' lang='lat' dir='ltr'><strong>At·</strong></span> <span class='ocrx_word' id='word_1_303' title='bbox 1352 3843 1420 3894; x_wconf 91' lang='lat' dir='ltr'><strong>una</strong></span> <span class='ocrx_word' id='word_1_304' title='bbox 1449 3843 1528 3892; x_wconf 89' lang='lat' dir='ltr'><strong>cum</strong></span> <span class='ocrx_word' id='word_1_305' title='bbox 1556 3843 1638 3892; x_wconf 86' lang='lat' dir='ltr'><strong>arcu</strong></span> <span class='ocrx_word' id='word_1_306' title='bbox 1661 3818 1808 3916; x_wconf 89' lang='lat' dir='ltr'><strong>quodam</strong></span> <span class='ocrx_word' id='word_1_307' title='bbox 1834 3817 1991 3892; x_wconf 89' lang='lat' dir='ltr'><strong>circulari</strong></span> <span class='ocrx_word' id='word_1_308' title='bbox 2018 3821 2068 3890; x_wconf 90' lang='lat' dir='ltr'><strong>sic</strong></span> <span class='ocrx_word' id='word_1_309' title='bbox 2093 3811 2184 3890; x_wconf 83' lang='lat' dir='ltr'><strong>defi·</strong></span> 
     </span>
     <span class='ocr_line' id='line_1_24' title="bbox 163 3953 2243 4060; baseline 0.001 -30"><span class='ocrx_word' id='word_1_310' title='bbox 163 3955 299 4030; x_wconf 90' lang='lat' dir='ltr'><strong>uieudo.</strong></span> <span class='ocrx_word' id='word_1_311' title='bbox 350 3955 402 4030; x_wconf 88' lang='lat' dir='ltr'><strong>Sit</strong></span> <span class='ocrx_word' id='word_1_312' title='bbox 425 3969 526 4031; x_wconf 76' lang='lat' dir='ltr'><strong>recta¹</strong></span> <span class='ocrx_word' id='word_1_313' title='bbox 546 3957 615 4060; x_wconf 80' lang='grc' dir='ltr'><strong>ΑΒ</strong></span> <span class='ocrx_word' id='word_1_314' title='bbox 642 3959 684 4032; x_wconf 90' lang='lat' dir='ltr'><strong>ad</strong></span> <span class='ocrx_word' id='word_1_315' title='bbox 710 3971 888 4060; x_wconf 86' lang='lat' dir='ltr'><strong>utramque</strong></span> <span class='ocrx_word' id='word_1_316' title='bbox 915 3987 1056 4036; x_wconf 82' lang='lat' dir='ltr'><strong>curram</strong></span> <span class='ocrx_word' id='word_1_317' title='bbox 1081 3963 1258 4045; x_wconf 89' lang='lat' dir='ltr'><strong>normalis,</strong></span> <span class='ocrx_word' id='word_1_318' title='bbox 1274 4049 1278 4060; x_wconf 34' lang='grc' dir='ltr'>Ι</span> <span class='ocrx_word' id='word_1_319' title='bbox 1294 3963 1351 4034; x_wconf 90' lang='lat' dir='ltr'><strong>cui</strong></span> <span class='ocrx_word' id='word_1_320' title='bbox 1381 3953 1566 4057; x_wconf 90' lang='lat' dir='ltr'><strong>productae</strong></span> <span class='ocrx_word' id='word_1_321' title='bbox 1598 3961 1757 4033; x_wconf 88' lang='lat' dir='ltr'><strong>normalis</strong></span> <span class='ocrx_word' id='word_1_322' title='bbox 1789 3961 1858 4032; x_wconf 81' lang='lat' dir='ltr'><strong>Mt</strong></span> <span class='ocrx_word' id='word_1_323' title='bbox 1890 3971 2052 4034; x_wconf 87' lang='lat' dir='ltr'><strong>occurrat</strong></span> <span class='ocrx_word' id='word_1_324' title='bbox 2080 3962 2115 4030; x_wconf 92' lang='lat' dir='ltr'><strong>iu</strong></span> <span class='ocrx_word' id='word_1_325' title='bbox 2141 3957 2182 4032; x_wconf 86' lang='grc' dir='ltr'><strong>Ν.</strong></span> <span class='ocrx_word' id='word_1_326' title='bbox 2234 3973 2243 3992; x_wconf 89' lang='grc'><strong>’</strong></span> 
     </span>
     <span class='ocr_line' id='line_1_25' title="bbox 162 4074 2184 4210; baseline -0.001 -36"><span class='ocrx_word' id='word_1_327' title='bbox 162 4097 319 4174; x_wconf 84' lang='lat' dir='ltr'><strong>lineatur</strong></span> <span class='ocrx_word' id='word_1_328' title='bbox 354 4074 433 4191; x_wconf 61' lang='lat' dir='ltr'><strong>tp</strong></span> <span class='ocrx_word' id='word_1_329' title='bbox 458 4101 521 4195; x_wconf 86' lang='lat' dir='ltr'><strong>ipsi</strong></span> <span class='ocrx_word' id='word_1_330' title='bbox 558 4102 609 4172; x_wconf 87' lang='lat' dir='ltr'><strong>lm</strong></span> <span class='ocrx_word' id='word_1_331' title='bbox 645 4099 821 4197; x_wconf 89' lang='lat' dir='ltr'><strong>parallela,</strong></span> <span class='ocrx_word' id='word_1_332' title='bbox 859 4078 924 4177; x_wconf 88' lang='lat' dir='ltr'><strong>erit</strong></span> <span class='ocrx_word' id='word_1_333' title='bbox 947 4103 1161 4210; x_wconf 54' lang='lat' dir='ltr'><strong>mpsstt,</strong></span> <span class='ocrx_word' id='word_1_334' title='bbox 1202 4104 1343 4200; x_wconf 87' lang='lat' dir='ltr'><strong>ideoque</strong></span> <span class='ocrx_word' id='word_1_335' title='bbox 1382 4099 1738 4195; x_wconf 71' lang='grc' dir='ltr'><strong>Μηι-εΕἰ-ι-Μμ.</strong></span> <span class='ocrx_word' id='word_1_336' title='bbox 1788 4101 1864 4174; x_wconf 89' lang='lat' dir='ltr'><strong>Jam</strong></span> <span class='ocrx_word' id='word_1_337' title='bbox 1891 4112 2010 4174; x_wconf 88' lang='lat' dir='ltr'><strong>centro</strong></span> <span class='ocrx_word' id='word_1_338' title='bbox 2035 4099 2070 4172; x_wconf 89' lang='lat' dir='ltr'><em>N</em></span> <span class='ocrx_word' id='word_1_339' title='bbox 2088 4099 2184 4173; x_wconf 89' lang='lat' dir='ltr'><strong>radio</strong></span> 
     </span>
     <span class='ocr_line' id='line_1_26' title="bbox 162 4217 2182 4351; baseline 0.001 -39"><span class='ocrx_word' id='word_1_340' title='bbox 162 4239 235 4312; x_wconf 84' lang='lat' dir='ltr'><strong>EN</strong></span> <span class='ocrx_word' id='word_1_341' title='bbox 242 4217 484 4314; x_wconf 68' lang='lat' dir='ltr'><em>=LM=A</em></span> <span class='ocrx_word' id='word_1_342' title='bbox 490 4241 521 4311; x_wconf 90' lang='grc' dir='ltr'><em>Β</em></span> <span class='ocrx_word' id='word_1_343' title='bbox 556 4239 764 4316; x_wconf 88' lang='lat' dir='ltr'><strong>describatur</strong></span> <span class='ocrx_word' id='word_1_344' title='bbox 791 4221 900 4319; x_wconf 84' lang='lat' dir='ltr'><strong>arcus</strong></span> <span class='ocrx_word' id='word_1_345' title='bbox 936 4247 1055 4344; x_wconf 79' lang='lat' dir='ltr'><strong>circuli</strong></span> <span class='ocrx_word' id='word_1_346' title='bbox 1094 4245 1176 4330; x_wconf 73' lang='grc' dir='ltr'><strong>ΕΒ,</strong></span> <span class='ocrx_word' id='word_1_347' title='bbox 1213 4257 1315 4342; x_wconf 88' lang='lat' dir='ltr'><strong>atque</strong></span> <span class='ocrx_word' id='word_1_348' title='bbox 1346 4238 1494 4351; x_wconf 87' lang='lat' dir='ltr'><strong>dueatur</strong></span> <span class='ocrx_word' id='word_1_349' title='bbox 1517 4243 1570 4318; x_wconf 86' lang='lat' dir='ltr'><strong>Ns</strong></span> <span class='ocrx_word' id='word_1_350' title='bbox 1601 4247 1663 4340; x_wconf 90' lang='lat' dir='ltr'><strong>ipsi</strong></span> <span class='ocrx_word' id='word_1_351' title='bbox 1689 4245 1736 4316; x_wconf 84' lang='lat' dir='ltr'><strong>nl</strong></span> <span class='ocrx_word' id='word_1_352' title='bbox 1760 4243 1934 4339; x_wconf 77' lang='lat' dir='ltr'><strong>parallelo,</strong></span> <span class='ocrx_word' id='word_1_353' title='bbox 1973 4245 2039 4315; x_wconf 90' lang='lat' dir='ltr'><strong>erit</strong></span> <span class='ocrx_word' id='word_1_354' title='bbox 2065 4245 2182 4337; x_wconf 89' lang='lat' dir='ltr'><strong>utique</strong></span> 
     </span>
     <span class='ocr_line' id='line_1_27' title="bbox 162 4377 2181 4490; baseline 0.002 -38"><span class='ocrx_word' id='word_1_355' title='bbox 162 4381 235 4472; x_wconf 85' lang='grc' dir='ltr'><strong>Μμ</strong></span> <span class='ocrx_word' id='word_1_356' title='bbox 248 4413 296 4445; x_wconf 93' lang='lat'><strong><em>=</em></strong></span> <span class='ocrx_word' id='word_1_357' title='bbox 310 4381 371 4471; x_wconf 90' lang='lat' dir='ltr'><strong>Ss,</strong></span> <span class='ocrx_word' id='word_1_358' title='bbox 399 4379 542 4480; x_wconf 89' lang='lat' dir='ltr'><strong>ideoque</strong></span> <span class='ocrx_word' id='word_1_359' title='bbox 568 4385 642 4455; x_wconf 85' lang='grc' dir='ltr'><strong>Μιιι</strong></span> <span class='ocrx_word' id='word_1_360' title='bbox 655 4417 701 4448; x_wconf 92' lang='lat'>=</span> <span class='ocrx_word' id='word_1_361' title='bbox 718 4385 771 4458; x_wconf 86' lang='lat' dir='ltr'><strong>Ll</strong></span> <span class='ocrx_word' id='word_1_362' title='bbox 782 4387 832 4458; x_wconf 87' lang='grc' dir='ltr'><strong>-ι’-</strong></span> <span class='ocrx_word' id='word_1_363' title='bbox 844 4383 904 4460; x_wconf 90' lang='lat' dir='ltr'><strong>Ss.</strong></span> <span class='ocrx_word' id='word_1_364' title='bbox 949 4383 1034 4461; x_wconf 86' lang='lat' dir='ltr'><strong>Cum</strong></span> <span class='ocrx_word' id='word_1_365' title='bbox 1052 4391 1160 4483; x_wconf 89' lang='lat' dir='ltr'><strong>igitur</strong></span> <span class='ocrx_word' id='word_1_366' title='bbox 1178 4391 1222 4464; x_wconf 90' lang='lat' dir='ltr'><strong>sit</strong></span> <span class='ocrx_word' id='word_1_367' title='bbox 1241 4389 1314 4458; x_wconf 82' lang='lat' dir='ltr'><strong>Mne</strong></span> <span class='ocrx_word' id='word_1_368' title='bbox 1332 4377 1555 4490; x_wconf 78' lang='lat' dir='ltr'><strong>differentiale</strong></span> <span class='ocrx_word' id='word_1_369' title='bbox 1575 4405 1696 4459; x_wconf 84' lang='lat' dir='ltr'><strong>curvae</strong></span> <span class='ocrx_word' id='word_1_370' title='bbox 1716 4385 1799 4472; x_wconf 92' lang='grc' dir='ltr'><strong>ΒΜ,</strong></span> <span class='ocrx_word' id='word_1_371' title='bbox 1824 4395 1860 4456; x_wconf 90' lang='lat' dir='ltr'><strong>et</strong></span> <span class='ocrx_word' id='word_1_372' title='bbox 1885 4383 1936 4456; x_wconf 81' lang='lat' dir='ltr'><strong>tr</strong></span> <span class='ocrx_word' id='word_1_373' title='bbox 1960 4379 2181 4457; x_wconf 79' lang='lat' dir='ltr'><strong>differentiale</strong></span> 
     </span>
     <span class='ocr_line' id='line_1_28' title="bbox 161 4505 2182 4637; baseline 0 -43"><span class='ocrx_word' id='word_1_374' title='bbox 161 4545 283 4595; x_wconf 87' lang='lat' dir='ltr'><strong>curvae</strong></span> <span class='ocrx_word' id='word_1_375' title='bbox 307 4521 392 4614; x_wconf 77' lang='lat' dir='ltr'><strong>At,</strong></span> <span class='ocrx_word' id='word_1_376' title='bbox 418 4535 520 4622; x_wconf 89' lang='lat' dir='ltr'><strong>atque</strong></span> <span class='ocrx_word' id='word_1_377' title='bbox 545 4525 592 4598; x_wconf 90' lang='lat' dir='ltr'><strong>Ss</strong></span> <span class='ocrx_word' id='word_1_378' title='bbox 622 4521 844 4600; x_wconf 84' lang='lat' dir='ltr'><strong>differentiale</strong></span> <span class='ocrx_word' id='word_1_379' title='bbox 868 4505 979 4634; x_wconf 77' lang='lat' dir='ltr'><strong>arceis¹</strong></span> <span class='ocrx_word' id='word_1_380' title='bbox 993 4525 1168 4601; x_wconf 89' lang='lat' dir='ltr'><strong>circularis</strong></span> <span class='ocrx_word' id='word_1_381' title='bbox 1193 4517 1284 4616; x_wconf 75' lang='lat' dir='ltr'><strong>ES,</strong></span> <span class='ocrx_word' id='word_1_382' title='bbox 1298 4529 1364 4600; x_wconf 91' lang='lat' dir='ltr'><strong>erit</strong></span> <span class='ocrx_word' id='word_1_383' title='bbox 1387 4527 1437 4637; x_wconf 30' lang='lat' dir='ltr'><strong>d..</strong></span> <span class='ocrx_word' id='word_1_384' title='bbox 1452 4529 1528 4599; x_wconf 95' lang='grc' dir='ltr'><strong>ΒΜ</strong></span> <span class='ocrx_word' id='word_1_385' title='bbox 1534 4529 1621 4600; x_wconf 86' lang='lat' dir='ltr'><strong>:d</strong></span> <span class='ocrx_word' id='word_1_386' title='bbox 1634 4533 1643 4600; x_wconf 88' lang='lat'><strong>.&#39;</strong></span> <span class='ocrx_word' id='word_1_387' title='bbox 1657 4525 1692 4600; x_wconf 83' lang='grc' dir='ltr'><em>Α</em></span> <span class='ocrx_word' id='word_1_388' title='bbox 1700 4511 1943 4610; x_wconf 63' lang='grc' dir='ltr'><strong>[ι-ἰ-ΒΜΒ,</strong></span> <span class='ocrx_word' id='word_1_389' title='bbox 1976 4521 2120 4618; x_wconf 89' lang='lat' dir='ltr'><strong>ideoque</strong></span> <span class='ocrx_word' id='word_1_390' title='bbox 2145 4533 2182 4594; x_wconf 88' lang='lat' dir='ltr'><strong>et</strong></span> 
     </span>
     <span class='ocr_line' id='line_1_29' title="bbox 160 4641 2333 4765; baseline 0.001 -32"><span class='ocrx_word' id='word_1_391' title='bbox 160 4663 339 4758; x_wconf 81' lang='lat' dir='ltr'><strong>integralis</strong></span> <span class='ocrx_word' id='word_1_392' title='bbox 364 4665 516 4761; x_wconf 84' lang='lat' dir='ltr'><strong>aequalia</strong></span> <span class='ocrx_word' id='word_1_393' title='bbox 540 4670 613 4739; x_wconf 83' lang='lat' dir='ltr'><strong>cs&#39;se</strong></span> <span class='ocrx_word' id='word_1_394' title='bbox 639 4677 785 4762; x_wconf 89' lang='lat' dir='ltr'><strong>oportet,</strong></span> <span class='ocrx_word' id='word_1_395' title='bbox 811 4643 910 4741; x_wconf 81' lang='lat' dir='ltr'><strong>uude</strong></span> <span class='ocrx_word' id='word_1_396' title='bbox 928 4663 969 4740; x_wconf 85' lang='lat' dir='ltr'><strong>fit</strong></span> <span class='ocrx_word' id='word_1_397' title='bbox 992 4665 1352 4742; x_wconf 80' lang='lat' dir='ltr'><em>BM=AL÷ES.</em></span> <span class='ocrx_word' id='word_1_398' title='bbox 1403 4663 1600 4742; x_wconf 81' lang='lat' dir='ltr'><strong>Differentia</strong></span> <span class='ocrx_word' id='word_1_399' title='bbox 1623 4691 1709 4765; x_wconf 87' lang='lat' dir='ltr'><strong>ergo</strong></span> <span class='ocrx_word' id='word_1_400' title='bbox 1734 4670 1823 4738; x_wconf 89' lang='lat' dir='ltr'><strong>iuter</strong></span> <span class='ocrx_word' id='word_1_401' title='bbox 1846 4689 1944 4739; x_wconf 90' lang='lat' dir='ltr'><strong>arcus</strong></span> <span class='ocrx_word' id='word_1_402' title='bbox 1971 4665 2041 4736; x_wconf 92' lang='grc' dir='ltr'><strong>ΒΜ</strong></span> <span class='ocrx_word' id='word_1_403' title='bbox 2062 4675 2098 4735; x_wconf 92' lang='lat' dir='ltr'><strong>et</strong></span> <span class='ocrx_word' id='word_1_404' title='bbox 2115 4661 2182 4736; x_wconf 80' lang='lat' dir='ltr'><strong>AL</strong></span> <span class='ocrx_word' id='word_1_405' title='bbox 2331 4641 2333 4650; x_wconf 42' lang='lat'><strong>¹</strong></span> 
     </span>
     <span class='ocr_line' id='line_1_30' title="bbox 159 4785 2180 4907; baseline 0 -31"><span class='ocrx_word' id='word_1_406' title='bbox 159 4803 310 4899; x_wconf 89' lang='lat' dir='ltr'><strong>aequalis</strong></span> <span class='ocrx_word' id='word_1_407' title='bbox 334 4815 387 4877; x_wconf 89' lang='lat' dir='ltr'><strong>est</strong></span> <span class='ocrx_word' id='word_1_408' title='bbox 411 4809 503 4880; x_wconf 86' lang='lat' dir='ltr'><strong>arcui</strong></span> <span class='ocrx_word' id='word_1_409' title='bbox 523 4785 666 4896; x_wconf 88' lang='lat' dir='ltr'><strong>circuli,</strong></span> <span class='ocrx_word' id='word_1_410' title='bbox 700 4809 797 4906; x_wconf 90' lang='lat' dir='ltr'><strong>cujus</strong></span> <span class='ocrx_word' id='word_1_411' title='bbox 822 4808 936 4883; x_wconf 87' lang='lat' dir='ltr'><strong>radius</strong></span> <span class='ocrx_word' id='word_1_412' title='bbox 960 4807 1251 4899; x_wconf 56' lang='lat' dir='ltr'><strong>:Asa-tn,</strong></span> <span class='ocrx_word' id='word_1_413' title='bbox 1290 4809 1507 4907; x_wconf 89' lang='lat' dir='ltr'><strong>respondenti</strong></span> <span class='ocrx_word' id='word_1_414' title='bbox 1545 4809 1673 4906; x_wconf 90' lang='lat' dir='ltr'><strong>angulo</strong></span> <span class='ocrx_word' id='word_1_415' title='bbox 1708 4807 1830 4898; x_wconf 86' lang='grc' dir='ltr'><em>ΒΝΜ,</em></span> <span class='ocrx_word' id='word_1_416' title='bbox 1869 4831 1967 4904; x_wconf 89' lang='lat' dir='ltr'><strong>quern</strong></span> <span class='ocrx_word' id='word_1_417' title='bbox 2001 4815 2114 4878; x_wconf 89' lang='lat' dir='ltr'><strong>rectae</strong></span> <span class='ocrx_word' id='word_1_418' title='bbox 2145 4809 2180 4877; x_wconf 92' lang='lat' dir='ltr'><strong>iu</strong></span> 
     </span>
     <span class='ocr_line' id='line_1_31' title="bbox 158 4921 2180 5062; baseline 0.001 -46"><span class='ocrx_word' id='word_1_419' title='bbox 158 4947 311 5018; x_wconf 85' lang='lat' dir='ltr'><strong>terminis</strong></span> <span class='ocrx_word' id='word_1_420' title='bbox 335 4969 516 5020; x_wconf 89' lang='lat' dir='ltr'><strong>curvarum</strong></span> <span class='ocrx_word' id='word_1_421' title='bbox 541 4927 738 5023; x_wconf 86' lang='lat' dir='ltr'><strong>normaliter</strong></span> <span class='ocrx_word' id='word_1_422' title='bbox 762 4948 884 5025; x_wconf 88' lang='lat' dir='ltr'><strong>ductae</strong></span> <span class='ocrx_word' id='word_1_423' title='bbox 910 4953 980 5026; x_wconf 87' lang='grc' dir='ltr'><strong>ΒΝ</strong></span> <span class='ocrx_word' id='word_1_424' title='bbox 998 4965 1037 5062; x_wconf 78' lang='lat' dir='ltr'><strong>et</strong></span> <span class='ocrx_word' id='word_1_425' title='bbox 1059 4953 1135 5027; x_wconf 88' lang='grc' dir='ltr'><strong>ΜΝ</strong></span> <span class='ocrx_word' id='word_1_426' title='bbox 1155 4957 1242 5026; x_wconf 89' lang='lat' dir='ltr'><strong>inter</strong></span> <span class='ocrx_word' id='word_1_427' title='bbox 1267 4975 1304 5025; x_wconf 89' lang='lat' dir='ltr'><strong>se</strong></span> <span class='ocrx_word' id='word_1_428' title='bbox 1331 4955 1554 5025; x_wconf 83' lang='lat' dir='ltr'><strong>constituunt.</strong></span> <span class='ocrx_word' id='word_1_429' title='bbox 1594 4951 1708 5059; x_wconf 58' lang='lat' dir='ltr'><strong>litque</strong></span> <span class='ocrx_word' id='word_1_430' title='bbox 1727 4921 1912 5023; x_wconf 87' lang='lat' dir='ltr'><strong>hiucduae</strong></span> <span class='ocrx_word' id='word_1_431' title='bbox 1933 4951 2038 5023; x_wconf 87' lang='lat' dir='ltr'><strong>lineae</strong></span> <span class='ocrx_word' id='word_1_432' title='bbox 2056 4967 2180 5020; x_wconf 89' lang='lat' dir='ltr'><strong>curvae</strong></span> 
     </span>
     <span class='ocr_line' id='line_1_32' title="bbox 158 5067 1571 5202; baseline 0.008 -46"><span class='ocrx_word' id='word_1_433' title='bbox 158 5085 309 5158; x_wconf 81' lang='lat' dir='ltr'><strong>exbiberi</strong></span> <span class='ocrx_word' id='word_1_434' title='bbox 334 5099 491 5184; x_wconf 87' lang='lat' dir='ltr'><strong>possunt,</strong></span> <span class='ocrx_word' id='word_1_435' title='bbox 517 5111 660 5186; x_wconf 85' lang='lat' dir='ltr'><strong>quarum</strong></span> <span class='ocrx_word' id='word_1_436' title='bbox 677 5067 1066 5202; x_wconf 81' lang='lat' dir='ltr'><strong>differentiaaequetur</strong></span> <span class='ocrx_word' id='word_1_437' title='bbox 1089 5097 1181 5167; x_wconf 85' lang='lat' dir='ltr'><strong>arcui</strong></span> <span class='ocrx_word' id='word_1_438' title='bbox 1205 5095 1374 5168; x_wconf 89' lang='lat' dir='ltr'><strong>circulari.</strong></span> <span class='ocrx_word' id='word_1_439' title='bbox 1432 5081 1433 5092; x_wconf 39' lang='lat'>¹</span> <span class='ocrx_word' id='word_1_440' title='bbox 1553 5073 1571 5116; x_wconf 58' lang='lat'><strong>³</strong></span> 
     </span>
    </p>

    <p class='ocr_par' dir='ltr' id='par_1_7' title="bbox 259 5217 2227 5332">
     <span class='ocr_line' id='line_1_33' title="bbox 259 5217 2227 5332; baseline 0.003 -33"><span class='ocrx_word' id='word_1_441' title='bbox 259 5231 317 5300; x_wconf 83' lang='lat' dir='ltr'><strong>t5.</strong></span> <span class='ocrx_word' id='word_1_442' title='bbox 358 5227 411 5300; x_wconf 91' lang='lat' dir='ltr'><strong>Sit</strong></span> <span class='ocrx_word' id='word_1_443' title='bbox 429 5229 471 5327; x_wconf 84' lang='lat' dir='ltr'><strong>(F</strong></span> <span class='ocrx_word' id='word_1_444' title='bbox 473 5233 518 5326; x_wconf 88' lang='lat' dir='ltr'><strong>ig.</strong></span> <span class='ocrx_word' id='word_1_445' title='bbox 534 5230 596 5328; x_wconf 83' lang='lat'><strong>35)</strong></span> <span class='ocrx_word' id='word_1_446' title='bbox 616 5255 718 5307; x_wconf 89' lang='lat' dir='ltr'><strong>curva</strong></span> <span class='ocrx_word' id='word_1_447' title='bbox 736 5234 814 5307; x_wconf 88' lang='lat' dir='ltr'><strong>data</strong></span> <span class='ocrx_word' id='word_1_448' title='bbox 830 5231 933 5317; x_wconf 82' lang='lat' dir='ltr'><strong>ALG,</strong></span> <span class='ocrx_word' id='word_1_449' title='bbox 952 5260 991 5306; x_wconf 81' lang='lat' dir='ltr'><strong>er</strong></span> <span class='ocrx_word' id='word_1_450' title='bbox 1008 5259 1072 5332; x_wconf 90' lang='lat' dir='ltr'><strong>qna</strong></span> <span class='ocrx_word' id='word_1_451' title='bbox 1091 5240 1137 5307; x_wconf 88' lang='lat' dir='ltr'><strong>ita</strong></span> <span class='ocrx_word' id='word_1_452' title='bbox 1155 5231 1322 5310; x_wconf 85' lang='lat' dir='ltr'><strong>formetur</strong></span> <span class='ocrx_word' id='word_1_453' title='bbox 1339 5237 1445 5309; x_wconf 90' lang='lat' dir='ltr'><strong>altera</strong></span> <span class='ocrx_word' id='word_1_454' title='bbox 1463 5217 1568 5308; x_wconf 86' lang='lat' dir='ltr'><strong>curva</strong></span> <span class='ocrx_word' id='word_1_455' title='bbox 1589 5235 1664 5325; x_wconf 88' lang='grc' dir='ltr'><strong>ΒΜ,</strong></span> <span class='ocrx_word' id='word_1_456' title='bbox 1690 5247 1730 5307; x_wconf 89' lang='lat' dir='ltr'><strong>ut</strong></span> <span class='ocrx_word' id='word_1_457' title='bbox 1748 5247 1863 5308; x_wconf 89' lang='lat' dir='ltr'><strong>rectae</strong></span> <span class='ocrx_word' id='word_1_458' title='bbox 1877 5233 1953 5324; x_wconf 80' lang='lat' dir='ltr'><strong>tn,</strong></span> <span class='ocrx_word' id='word_1_459' title='bbox 1971 5258 2057 5330; x_wconf 89' lang='lat' dir='ltr'><strong>quae</strong></span> <span class='ocrx_word' id='word_1_460' title='bbox 2070 5236 2180 5329; x_wconf 86' lang='lat' dir='ltr'><strong>tangit</strong></span> <span class='ocrx_word' id='word_1_461' title='bbox 2205 5252 2227 5294; x_wconf 70' lang='lat' dir='ltr'><strong>r</strong></span> 
     </span>
    </p>

    <p class='ocr_par' dir='ltr' id='par_1_8' title="bbox 62 5363 2178 6326">
     <span class='ocr_line' id='line_1_34' title="bbox 62 5363 2178 5474; baseline 0.002 -34"><span class='ocrx_word' id='word_1_462' title='bbox 62 5389 64 5394; x_wconf 88' lang='lat'>·</span> <span class='ocrx_word' id='word_1_463' title='bbox 155 5389 296 5440; x_wconf 85' lang='lat' dir='ltr'><strong>curvam</strong></span> <span class='ocrx_word' id='word_1_464' title='bbox 320 5366 433 5442; x_wconf 91' lang='lat' dir='ltr'><strong>datam</strong></span> <span class='ocrx_word' id='word_1_465' title='bbox 457 5371 493 5443; x_wconf 90' lang='lat' dir='ltr'><strong>iu</strong></span> <span class='ocrx_word' id='word_1_466' title='bbox 517 5371 559 5460; x_wconf 78' lang='lat' dir='ltr'><strong>t,</strong></span> <span class='ocrx_word' id='word_1_467' title='bbox 585 5385 701 5447; x_wconf 89' lang='lat' dir='ltr'><strong>certus</strong></span> <span class='ocrx_word' id='word_1_468' title='bbox 727 5375 894 5449; x_wconf 88' lang='lat' dir='ltr'><strong>tribuatur</strong></span> <span class='ocrx_word' id='word_1_469' title='bbox 923 5369 1019 5450; x_wconf 88' lang='lat' dir='ltr'><strong>valor</strong></span> <span class='ocrx_word' id='word_1_470' title='bbox 1047 5380 1118 5449; x_wconf 85' lang='lat' dir='ltr'><strong>sive</strong></span> <span class='ocrx_word' id='word_1_471' title='bbox 1145 5381 1411 5467; x_wconf 89' lang='lat' dir='ltr'><strong>constans,&#39;sive</strong></span> <span class='ocrx_word' id='word_1_472' title='bbox 1437 5363 1612 5450; x_wconf 76' lang='lat' dir='ltr'><strong>{unctioni</strong></span> <span class='ocrx_word' id='word_1_473' title='bbox 1627 5379 1818 5474; x_wconf 83' lang='lat' dir='ltr'><strong>cuicunque</strong></span> <span class='ocrx_word' id='word_1_474' title='bbox 1842 5400 1862 5448; x_wconf 93' lang='lat' dir='ltr'><strong>a</strong></span> <span class='ocrx_word' id='word_1_475' title='bbox 1887 5387 2014 5473; x_wconf 90' lang='lat' dir='ltr'><strong>puncto</strong></span> <span class='ocrx_word' id='word_1_476' title='bbox 2041 5375 2071 5448; x_wconf 90' lang='lat' dir='ltr'><em>L</em></span> <span class='ocrx_word' id='word_1_477' title='bbox 2095 5397 2178 5470; x_wconf 89' lang='lat' dir='ltr'><strong>pen-</strong></span> 
     </span>
     <span class='ocr_line' id='line_1_35' title="bbox 154 5489 2175 5616; baseline 0.004 -37"><span class='ocrx_word' id='word_1_478' title='bbox 154 5505 252 5580; x_wconf 88' lang='lat' dir='ltr'><strong>denti</strong></span> <span class='ocrx_word' id='word_1_479' title='bbox 282 5511 449 5608; x_wconf 85' lang='lat' dir='ltr'><strong>aequalis.¹</strong></span> <span class='ocrx_word' id='word_1_480' title='bbox 499 5512 649 5587; x_wconf 86' lang='lat' dir='ltr'><strong>Ponatur</strong></span> <span class='ocrx_word' id='word_1_481' title='bbox 676 5537 759 5611; x_wconf 87' lang='lat' dir='ltr'><strong>ergo</strong></span> <span class='ocrx_word' id='word_1_482' title='bbox 789 5519 889 5590; x_wconf 81' lang='lat' dir='ltr'><strong>arcum</strong></span> <span class='ocrx_word' id='word_1_483' title='bbox 919 5537 1045 5592; x_wconf 87' lang='lat' dir='ltr'><strong>curvae</strong></span> <span class='ocrx_word' id='word_1_484' title='bbox 1078 5517 1179 5592; x_wconf 88' lang='lat' dir='ltr'><strong>datae</strong></span> <span class='ocrx_word' id='word_1_485' title='bbox 1214 5504 1386 5607; x_wconf 61' lang='lat' dir='ltr'><strong>Anas,</strong></span> <span class='ocrx_word' id='word_1_486' title='bbox 1422 5489 1550 5616; x_wconf 78' lang='lat' dir='ltr'><strong>sitqoe</strong></span> <span class='ocrx_word' id='word_1_487' title='bbox 1574 5519 1750 5614; x_wconf 88' lang='lat' dir='ltr'><strong>longitudo</strong></span> <span class='ocrx_word' id='word_1_488' title='bbox 1788 5521 1962 5612; x_wconf 86' lang='lat' dir='ltr'><strong>tangentis</strong></span> <span class='ocrx_word' id='word_1_489' title='bbox 1998 5515 2175 5604; x_wconf 60' lang='lat' dir='ltr'><strong>blla-p.</strong></span> 
     </span>
     <span class='ocr_line' id='line_1_36' title="bbox 152 5650 2176 5758; baseline -0.002 -28"><span class='ocrx_word' id='word_1_490' title='bbox 152 5650 521 5737; x_wconf 67' lang='lat' dir='ltr'><strong>bruniacensem</strong></span> <span class='ocrx_word' id='word_1_491' title='bbox 545 5651 824 5750; x_wconf 81' lang='lat' dir='ltr'><strong>eaddemlogeuu</strong></span> <span class='ocrx_word' id='word_1_492' title='bbox 847 5679 887 5727; x_wconf 83' lang='lat' dir='ltr'><strong>ex</strong></span> <span class='ocrx_word' id='word_1_493' title='bbox 912 5663 1039 5752; x_wconf 84' lang='lat' dir='ltr'><strong>puncto</strong></span> <span class='ocrx_word' id='word_1_494' title='bbox 1069 5660 1222 5758; x_wconf 84' lang='lat' dir='ltr'><strong>proximo</strong></span> <span class='ocrx_word' id='word_1_495' title='bbox 1251 5661 1267 5730; x_wconf 86' lang='lat' dir='ltr'><strong>l</strong></span> <span class='ocrx_word' id='word_1_496' title='bbox 1296 5669 1438 5752; x_wconf 87' lang='lat' dir='ltr'><strong>tangens</strong></span> <span class='ocrx_word' id='word_1_497' title='bbox 1466 5661 1577 5752; x_wconf 55' lang='lat' dir='ltr'><strong>lna-..f</strong></span> <span class='ocrx_word' id='word_1_498' title='bbox 1588 5682 1677 5750; x_wconf 76' lang='grc' dir='ltr'><strong>γ-ι-</strong></span> <span class='ocrx_word' id='word_1_499' title='bbox 1690 5658 1760 5748; x_wconf 73' lang='grc' dir='ltr'><strong>ἀγ,</strong></span> <span class='ocrx_word' id='word_1_500' title='bbox 1792 5670 1829 5730; x_wconf 86' lang='lat' dir='ltr'><strong>et</strong></span> <span class='ocrx_word' id='word_1_501' title='bbox 1860 5659 1937 5753; x_wconf 90' lang='lat' dir='ltr'><strong>quia</strong></span> <span class='ocrx_word' id='word_1_502' title='bbox 1969 5656 2052 5726; x_wconf 83' lang='lat' dir='ltr'><strong>haec</strong></span> <span class='ocrx_word' id='word_1_503' title='bbox 2082 5665 2176 5726; x_wconf 87' lang='lat' dir='ltr'><strong>recta</strong></span> 
     </span>
     <span class='ocr_line' id='line_1_37' title="bbox 151 5793 2176 5896; baseline 0 -29"><span class='ocrx_word' id='word_1_504' title='bbox 151 5797 210 5879; x_wconf 79' lang='lat' dir='ltr'><strong>len</strong></span> <span class='ocrx_word' id='word_1_505' title='bbox 239 5793 519 5866; x_wconf 73' lang='lat' dir='ltr'><strong>cum&#39;slem&#39;entvo</strong></span> <span class='ocrx_word' id='word_1_506' title='bbox 546 5808 670 5868; x_wconf 83' lang='lat' dir='ltr'><strong>curvae</strong></span> <span class='ocrx_word' id='word_1_507' title='bbox 701 5795 749 5868; x_wconf 76' lang='lat' dir='ltr'><strong>bt</strong></span> <span class='ocrx_word' id='word_1_508' title='bbox 772 5795 1131 5896; x_wconf 64' lang='lat' dir='ltr'><strong>indirectumiacet,</strong></span> <span class='ocrx_word' id='word_1_509' title='bbox 1165 5799 1212 5872; x_wconf 90' lang='lat' dir='ltr'><strong>ob</strong></span> <span class='ocrx_word' id='word_1_510' title='bbox 1236 5799 1426 5880; x_wconf 66' lang='lat' dir='ltr'><strong>lil=ds‚</strong></span> <span class='ocrx_word' id='word_1_511' title='bbox 1453 5799 1634 5888; x_wconf 87' lang='lat' dir='ltr'><strong>eritliuea</strong></span> <span class='ocrx_word' id='word_1_512' title='bbox 1660 5795 2078 5888; x_wconf 71' lang='lat' dir='ltr'><strong>Luc-:y—s-dy-s-ds.</strong></span> <span class='ocrx_word' id='word_1_513' title='bbox 2128 5795 2176 5868; x_wconf 81' lang='lat' dir='ltr'><strong>Er</strong></span> 
     </span>
     <span class='ocr_line' id='line_1_38' title="bbox 153 5915 2174 6039; baseline -0.001 -29"><span class='ocrx_word' id='word_1_514' title='bbox 153 5933 343 6039; x_wconf 76' lang='lat' dir='ltr'><strong>Min-bur</strong></span> <span class='ocrx_word' id='word_1_515' title='bbox 368 5935 867 6033; x_wconf 70' lang='lat' dir='ltr'><strong>demittannperpeudtcutuu</strong></span> <span class='ocrx_word' id='word_1_516' title='bbox 893 5941 981 6032; x_wconf 84' lang='grc' dir='ltr'><strong>Μμ,</strong></span> <span class='ocrx_word' id='word_1_517' title='bbox 1011 5939 1105 6036; x_wconf 85' lang='lat' dir='ltr'><strong>quod</strong></span> <span class='ocrx_word' id='word_1_518' title='bbox 1129 5961 1198 6013; x_wconf 87' lang='lat' dir='ltr'><strong>oon</strong></span> <span class='ocrx_word' id='word_1_519' title='bbox 1224 5933 1359 6014; x_wconf 73' lang='lat' dir='ltr'><strong>differet</strong></span> <span class='ocrx_word' id='word_1_520' title='bbox 1395 5941 1438 6025; x_wconf 76' lang='lat' dir='ltr'><strong>ab</strong></span> <span class='ocrx_word' id='word_1_521' title='bbox 1468 5943 1594 6016; x_wconf 75' lang='lat' dir='ltr'><strong>arculo</strong></span> <span class='ocrx_word' id='word_1_522' title='bbox 1628 5915 1749 6016; x_wconf 77' lang='lat' dir='ltr'><strong>circuli</strong></span> <span class='ocrx_word' id='word_1_523' title='bbox 1787 5951 1907 6013; x_wconf 84' lang='lat' dir='ltr'><strong>centro</strong></span> <span class='ocrx_word' id='word_1_524' title='bbox 1938 5936 2174 6034; x_wconf 82' lang='lat' dir='ltr'><strong>Ldeecripto‚</strong></span> 
     </span>
     <span class='ocr_line' id='line_1_39' title="bbox 153 6075 2173 6181; baseline 0.001 -33"><span class='ocrx_word' id='word_1_525' title='bbox 153 6079 287 6173; x_wconf 88' lang='lat' dir='ltr'><strong>eritque</strong></span> <span class='ocrx_word' id='word_1_526' title='bbox 323 6087 502 6172; x_wconf 84' lang='lat' dir='ltr'><strong>propterea</strong></span> <span class='ocrx_word' id='word_1_527' title='bbox 538 6075 602 6172; x_wconf 72' lang='lat' dir='ltr'><strong>Lu</strong></span> <span class='ocrx_word' id='word_1_528' title='bbox 614 6077 804 6152; x_wconf 77' lang='lat' dir='ltr'><em>=LM=</em></span> <span class='ocrx_word' id='word_1_529' title='bbox 816 6103 860 6170; x_wconf 74' lang='lat' dir='ltr'><strong>y,</strong></span> <span class='ocrx_word' id='word_1_530' title='bbox 896 6079 987 6153; x_wconf 92' lang='lat' dir='ltr'><strong>undo</strong></span> <span class='ocrx_word' id='word_1_531' title='bbox 1022 6075 1064 6153; x_wconf 83' lang='lat' dir='ltr'><strong>fit</strong></span> <span class='ocrx_word' id='word_1_532' title='bbox 1100 6083 1429 6174; x_wconf 59' lang='lat' dir='ltr'><strong>neszeln-eds.</strong></span> <span class='ocrx_word' id='word_1_533' title='bbox 1486 6084 1523 6158; x_wconf 92' lang='lat' dir='ltr'><strong>Si</strong></span> <span class='ocrx_word' id='word_1_534' title='bbox 1558 6083 1629 6181; x_wconf 83' lang='lat' dir='ltr'><strong>jaun</strong></span> <span class='ocrx_word' id='word_1_535' title='bbox 1667 6085 1906 6154; x_wconf 81' lang='lat' dir='ltr'><strong>innotesceret¹</strong></span> <span class='ocrx_word' id='word_1_536' title='bbox 1932 6080 2056 6154; x_wconf 90' lang='lat' dir='ltr'><strong>lineola</strong></span> <span class='ocrx_word' id='word_1_537' title='bbox 2094 6080 2173 6169; x_wconf 86' lang='grc' dir='ltr'><strong>Μμ,</strong></span> 
     </span>
     <span class='ocr_line' id='line_1_40' title="bbox 155 6215 2174 6326; baseline 0.002 -36"><span class='ocrx_word' id='word_1_538' title='bbox 155 6215 339 6292; x_wconf 86' lang='lat' dir='ltr'><strong>haberetur</strong></span> <span class='ocrx_word' id='word_1_539' title='bbox 363 6219 398 6290; x_wconf 92' lang='lat' dir='ltr'><strong>iu</strong></span> <span class='ocrx_word' id='word_1_540' title='bbox 423 6219 594 6316; x_wconf 89' lang='lat' dir='ltr'><strong>triangulo</strong></span> <span class='ocrx_word' id='word_1_541' title='bbox 618 6220 726 6312; x_wconf 85' lang='grc' dir='ltr'><strong>Μιιιμ</strong></span> <span class='ocrx_word' id='word_1_542' title='bbox 749 6221 897 6317; x_wconf 83' lang='lat' dir='ltr'><strong>angulus¹</strong></span> <span class='ocrx_word' id='word_1_543' title='bbox 922 6221 1050 6315; x_wconf 78' lang='grc' dir='ltr'><strong>Μιιιμ,</strong></span> <span class='ocrx_word' id='word_1_544' title='bbox 1082 6227 1141 6298; x_wconf 92' lang='lat' dir='ltr'><strong>cui</strong></span> <span class='ocrx_word' id='word_1_545' title='bbox 1164 6225 1312 6322; x_wconf 86' lang='lat' dir='ltr'><strong>aequalis</strong></span> <span class='ocrx_word' id='word_1_546' title='bbox 1335 6235 1390 6298; x_wconf 90' lang='lat' dir='ltr'><strong>est</strong></span> <span class='ocrx_word' id='word_1_547' title='bbox 1415 6225 1562 6322; x_wconf 88' lang='lat' dir='ltr'><strong>angulus</strong></span> <span class='ocrx_word' id='word_1_548' title='bbox 1587 6224 1717 6326; x_wconf 74' lang='lat' dir='ltr'><strong>inv,</strong></span> <span class='ocrx_word' id='word_1_549' title='bbox 1750 6245 1850 6320; x_wconf 87' lang='lat' dir='ltr'><strong>quern</strong></span> <span class='ocrx_word' id='word_1_550' title='bbox 1880 6233 2025 6318; x_wconf 88' lang='lat' dir='ltr'><strong>tangens</strong></span> <span class='ocrx_word' id='word_1_551' title='bbox 2050 6243 2174 6295; x_wconf 89' lang='lat' dir='ltr'><strong>curvae</strong></span> 
     </span>
    </p>
   </div>
   <div class='ocr_carea' id='block_1_3' title="bbox 0 0 2604 7072">
    <p class='ocr_par' dir='ltr' id='par_1_9' title="bbox 0 0 2604 7072">
     <span class='ocr_line' id='line_1_41' title="bbox 0 0 2604 7072; baseline 0 5"><span class='ocrx_word' id='word_1_552' title='bbox 0 0 2604 7072; x_wconf 95' lang='lat' dir='ltr'><strong> </strong></span> 
     </span>
    </p>
   </div>
  </div>
 </body>
</html>
