5166 7072
418 560 498 642 llll
1017 557 1060 642 L.
1092 555 1304 640 EULEllI
1330 557 1502 642 OPERA
1531 555 1821 650 bosittone.
2226 557 2427 626 snum

413 777 470 852 ubi
496 774 674 852 manileato
699 800 828 854 mmma
855 779 1091 876 persingulas
1115 775 1238 852 inscias
1262 787 1316 851 est
1342 777 1401 854 tt.
1439 775 1541 852 Tales
1569 788 1682 853 antem
1705 772 1835 852 lormae
1861 775 2023 852 limitatae
2049 775 2199 874 plurimis
2222 775 2296 850 aliia
2321 775 2439 862 moun,

375 947 380 958 ²
415 941 478 1014 per
503 923 799 1016 transpositionem
826 921 1061 996 columnarum
1086 917 1224 994 lormari
1249 930 1425 1016 poterunt.

509 1121 616 1224 §aa
667 1124 783 1222 Neque
822 1149 904 1202 vero
941 1131 1042 1200 etiam
1079 1127 1233 1202 absolute
1265 1129 1465 1222 requiritur,
1495 1137 1547 1200 ut
1576 1149 1637 1224 per
1665 1125 1819 1223 singulus
1843 1125 2018 1200 columnas
2042 1126 2114 1198 aire
2141 1123 2335 1212 verticales,
2374 1127 2439 1196 aire

413 1263 644 1340 boriaontales
673 1289 791 1341 omnes
826 1267 956 1340 litterae
989 1277 1058 1340 tam
1083 1265 1205 1340 latinae
1236 1289 1337 1364 quam
1362 1287 1506 1364 graecae
1532 1277 1729 1353 occurrant,
1769 1289 1886 1340 verum
1911 1269 2012 1340 etiam
2040 1267 2074 1338 in
2100 1263 2153 1336 bis
2177 1262 2345 1337 columnis
2368 1256 2440 1338 fieri

411 1415 540 1498 potest,
579 1415 617 1480 ut
641 1417 772 1480 tantum
797 1407 897 1480 binae
922 1405 1055 1480 litterae
1080 1411 1151 1480 aire
1176 1409 1315 1508 latium,
1346 1413 1416 1482 aive
1442 1429 1584 1506 graem
1610 1407 1863 1504 ingrediantur,
1896 1404 2081 1482 dummodo
2105 1427 2219 1480 earnm
2244 1427 2376 1479 summa
2398 1409 2440 1478 ait

382 1545 560 1634 ⁴semissis
590 1550 741 1620 omnium
771 1558 930 1644 quatuor.
982 1546 1047 1622 Pro
1080 1545 1276 1645 hujusmodi
1297 1537 1415 1622 ‘autem
1441 1542 1563 1644 figuris
1587 1545 1792 1636 condendis,
1824 1547 2078 1644 operationibus
2102 1545 2332 1642 peemtaubus
2357 1568 2440 1641 opus

415 1685 482 1772 est,
522 1707 585 1781 pro
610 1687 733 1783 quibus
758 1687 811 1759 vix
837 1697 950 1760 certae
974 1687 1112 1784 regulae
1138 1688 1317 1783 praescribi
1344 1699 1503 1785 possunt,
1540 1684 1726 1762 dummodo
1750 1680 1880 1760 litterae
1905 1697 1975 1760 tam
2000 1685 2139 1772 latinae,
2176 1709 2275 1782 quam
2302 1706 2440 1782 graecae

415 1827 459 1898 ita
485 1821 728 1920 disponantur,'
752 1839 790 1899 nt
815 1825 883 1900 nou
910 1828 1018 1900 solum
1045 1849 1105 1922 per
1131 1849 1249 1900 omnes
1274 1821 1395 1900 lasciua
1421 1825 1569 1900 debitam
1593 1848 1756 1900 summam
1781 1817 1951 1912 efficiant,
1982 1823 2041 1900 sed
2067 1827 2168 1899 etiam
2192 1851 2272 1902 cum
2297 1795 2440 1924 singulil

372 1957 375 1964 ’
417 1967 530 2040 latinis
554 1989 670 2040 omues
695 1989 838 2064 graecae
863 1967 1108 2042 combinentur.
1138 1977 1148 1986 '
1815 1937 1821 1952 .
1992 1950 1996 1961 ¹

477 2179 479 2184 ’
515 2178 621 2282 §ab
675 2183 722 2256 Ut
746 2182 847 2280 hujus
871 2185 1077 2278 operationis
1101 2185 1288 2280 exemplum
1313 2183 1447 2272 demus,
1473 2195 1661 2262 statuamus
1685 2189 1793 2282 primo
1819 2207 1893 2258 esee
1917 2183 2221 2274 o÷rl=b÷o‚
2246 2185 2437 2264 actitem
2565 2193 2568 2292 J

418 2324 541 2400 latinas
565 2325 610 2401 ita
637 2322 867 2420 disponamus,
901 2336 939 2404 nt
963 2327 1115 2444 sequitur

419 3373 479 3447 ubi
504 3394 564 3470 per
589 3394 708 3447 omnes
733 3373 831 3470 plane
855 3369 979 3474 fascias
1003 3397 1131 3448 summa
1156 3397 1374 3450 numerorum
1398 3389 1451 3452 est
1475 3325 1605 3468 eadem,
1630 3399 1693 3474 pro
1718 3375 1839 3452 litteris
1863 3387 1976 3452 anum
1996 3379 2127 3474 graecis
2146 3399 2208 3474 per
2227 3377 2437 3473 diagonalem

421 3517 587 3588 sinistram
625 3535 703 3587 cum
739 3517 884 3610 singulis
921 3517 1041 3588 litteris
1077 3517 1189 3588 latinis
1219 3537 1362 3612 graecae
1393 3522 1613 3614 cognomines
1643 3519 1894 3608 combinentur,
1937 3518 2209 3618 quandoquidem
2241 3522 2331 3592 circa
2356 3519 2439 3592 banc
2569 3573 2570 3604 q

421 3651 561 3728 lasciam
600 3657 756 3748 utrinque
793 3639 890 3726 binae
928 3655 1059 3726 litterae
1096 3652 1247 3730 diversae
1286 3637 1732 3756 dispositae'rep'eriuntur,
1769 3659 1970 3757 quibuscum
2002 3660 2108 3754 igitur
2139 3661 2271 3733 litterae
2302 3679 2438 3754 graecae
2569 3759 2570 3762 q

423 3803 630 3886 permutatae
661 3795 933 3892 conjungantur,
963 3794 1054 3868 unde
1079 3819 1222 3893 sequena
1248 3810 1407 3872 nascetur
1430 3793 1564 3896 ligura

428 4891 484 4964 ubi
511 4913 597 4988 ergo
620 4914 685 4986 pro
703 4893 830 4966 litteris
849 4893 986 4986 maesia
1009 4913 1147 4986 necesse
1172 4903 1242 4980 eat,
1268 4905 1307 4966 ut
1327 4897 1482 4990 capiatur
1507 4889 1822 4988 u÷rl=ii4yr
1846 4899 1939 4970 iusi
1961 4897 2133 4990 capiamus
2155 4855 2237 4969 αξ
2253 4897 2442 4983 t‚.t=s‚

427 5034 958 5120 o=ll‚tl=-·lfieloe=tlp
988 5034 1133 5120 β-τῖ,
1160 5029 1505 5144 gatarhi,
1530 5041 1661 5114 orietur
1684 5037 1775 5114 oud
1799 5037 2197 5133 qoatmmmmagtoum
2239 5088 2242 5098 .
2284 5135 2288 5142 .
2355 5107 2358 5116 ,
2415 5043 2419 5052 ’

524 6116 632 6262 §bt
686 6163 803 6237 Plures
829 6165 913 6236 aliae
937 6159 1132 6261 hujusmodi
1158 6112 1290 6258 figurae
1317 6159 1452 6238 lormari
1476 6173 1634 6260 possum,
1660 6161 1851 6260 eujusmodi
1877 6175 1930 6238 est
1954 6183 2115 6259 aequem:
