5192 7068
652 671 653 674 p
684 549 870 628 iioetuim
893 550 936 628 dc
956 573 1186 630 numerorum
1214 551 1380 630 doctraiac
1409 550 1498 659 Cep.
1533 550 1597 633 10.
2152 555 2211 640 dd

179 759 312 834 Deinde
350 763 452 834 etiem
490 785 649 835 numerus
687 765 852 858 positivus
887 785 938 833 -r-
951 785 975 834 ιι
1011 767 1075 834 erit
1098 762 1287 850 residuum,
1325 766 1353 836 si
1389 763 1520 838 divisor
1553 767 1683 862 primus
1718 761 1822 841 barn
1858 767 1993 846 formae
2034 778 2165 870 inq-
2180 781 2213 856 i,
2276 731 2279 736 Ι

178 905 239 976 vei
277 903 471 998 generalius
509 909 579 1000 inq
593 943 639 956 -
654 908 681 974 ii
692 929 701 986 ;
745 927 807 1000 pro
843 904 898 976 his
934 916 1048 978 antem
1086 905 1289 979 divisoribus
1324 930 1483 980 numerus
1515 911 1697 1003 negativas
1729 932 1818 982 -ιι
1854 914 1943 989 inter
1980 917 2212 994 non-residua

177 1046 379 1139 reperieturr.

283 1187 367 1256 3i5.
415 1184 454 1256 Si
487 1207 648 1256 numerus
680 1188 848 1280 positivus
876 1209 901 1256 ιι
931 1196 976 1256 rat
1004 1185 1176 1260 residuum
1205 1208 1267 1280 pro
1296 1186 1446 1260 divisore
1470 1189 1512 1272 d,
1550 1191 1616 1262 erit
1646 1193 1746 1266 eiiam
1777 1175 1951 1268 residuum
1977 1218 2040 1290 pro
2064 1195 2211 1276 divisore

180 1325 295 1420 primo
319 1347 522 1420 quocunque
546 1321 675 1396 formae
701 1329 830 1418 bouq-j:
843 1325 889 1407 ci,
919 1325 973 1396 vei
995 1323 1083 1398 odeo
1110 1328 1178 1420 inq
1192 1326 1320 1408 ssdii3
1350 1337 1386 1396 at
1417 1331 1443 1396 si
1471 1350 1631 1402 numerus
1656 1333 1835 1424 negativus
1859 1357 1946 1406 -ιι
1969 1337 2015 1406 sit
2038 1337 2211 1411 residuum

178 1487 243 1560 pro
269 1460 418 1537 divisore
443 1465 484 1553 d,
510 1468 576 1536 erit
599 1467 628 1536 is
653 1463 788 1558 quidem
813 1463 986 1536 residuum
1010 1487 1073 1562 pro
1097 1464 1244 1538 divisore
1265 1466 1428 1558 inq-vd,
1454 1477 1491 1538 at
1516 1469 1776 1543 nnn-residuum
1794 1493 1859 1565 pro
1876 1469 2025 1548 divisore
2046 1477 2210 1572 inq-d.

282 1607 368 1678 ste.
419 1605 456 1680 Si
481 1629 641 1680 numerus
666 1609 827 1700 positivus
853 1629 876 1676 n
901 1603 1005 1680 suerit
1030 1606 1204 1680 residuum
1228 1629 1290 1702 pro
1317 1605 1462 1680 divisore
1486 1607 1527 1696 d,
1559 1608 1680 1682 deinde
1706 1615 1804 1686 etiam
1832 1635 1892 1710 pro
1917 1614 2064 1689 divisore
2089 1639 2123 1704 e,
2149 1621 2212 1691 erit

176 1749 282 1818 etiarn
319 1745 492 1820 residuum
529 1769 590 1842 pro
627 1745 773 1818 divisore
811 1749 920 1840 primo
951 1769 1157 1841 quocunque
1188 1741 1317 1818 formae
1351 1751 1419 1842 inq
1435 1754 1483 1818 ὲ
1497 1749 1548 1819 de.
1600 1751 1648 1822 At
1676 1754 1705 1824 si
1738 1775 1901 1832 numerus
1926 1759 2104 1850 negativus
2127 1780 2212 1836 -ιι

177 1884 286 1960 inerit
315 1885 486 1960 residuum
512 1911 574 1982 pro
600 1887 804 1960 divisoribus
828 1888 854 1958 d
878 1897 913 1958 et
937 1910 970 1974 e,
1009 1890 1073 1958 erit
1103 1872 1237 1982 quoque
1262 1886 1436 1960 residuum
1462 1913 1523 1983 pro
1550 1889 1695 1966 divisore
1720 1917 1923 1994 quocunque
1946 1899 2057 1990 primo
2081 1893 2211 1978 formae

180 2034 251 2126 inq
267 2010 391 2112 -t-de3
421 2053 483 2126 pro
509 2029 712 2102 divisoribus
736 2039 847 2101 autern
873 2031 1066 2124 inq-dc
1091 2033 1180 2100 inter
1204 2029 1437 2102 non-residua
1463 2028 1640 2104 reseretur.

281 2173 365 2244 iti.
417 2169 453 2241 Si
484 2193 644 2242 numerus
673 2173 841 2264 positivus
872 2193 895 2238 ιι
919 2167 1023 2242 suerit
1047 2168 1303 2242 non-residuum
1330 2193 1392 2265 pro
1419 2171 1620 2276 divisoribus
1645 2173 1670 2244 d
1697 2185 1733 2246 et
1754 2199 1788 2262 e,
1830 2187 1922 2247 certe
1949 2180 2015 2249 erit
2039 2176 2212 2255 residurnn

177 2337 244 2412 pro
282 2311 487 2386 divisoribus
517 2313 634 2406 primis
665 2308 821 2381 omnibus
852 2305 978 2381 formae
1011 2309 1209 2405 inqssd03
1248 2321 1283 2380 at
1312 2311 1342 2380 si
1371 2334 1532 2382 nummus
1557 2317 1736 2408 negativus
1760 2339 1845 2386 -ιι
1870 2319 1915 2386 sit
1939 2317 2211 2394 non-residuum

179 2476 242 2550 pro
267 2451 471 2524 divisoribus
496 2451 522 2522 d
547 2460 582 2520 et
608 2471 642 2530 e,
680 2451 707 2518 is
733 2450 797 2518 erit
822 2447 992 2520 residuunt
1019 2471 1081 2543 pro
1107 2449 1261 2520 omnibus
1287 2448 1486 2523 divisoribus
1510 2457 1628 2546 primis
1653 2450 1782 2526 formae
1809 2457 2011 2550 inq-edm
2036 2481 2099 2552 pro
2124 2459 2211 2532 divi-

179 2595 318 2668 soribus
342 2605 455 2665 autern
480 2587 608 2662 formae
635 2591 821 2686 brtq—de
853 2594 918 2661 erit
943 2590 1227 2664 non-residuum.

280 2737 364 2804 3t8.
415 2733 613 2825 Quicunque
645 2751 805 2801 numerus
836 2736 921 2800 :bn
950 2742 1174 2824 proponatur,
1212 2735 1277 2803 erit
1307 2735 1335 2802 is
1359 2756 1490 2828 semper
1522 2733 1711 2822 residuum,
1751 2739 1780 2807 si
1807 2733 1936 2810 divisor
1958 2739 2087 2834 primns
2110 2737 2213 2813 fuerit

106 2866 109 2872 ’
179 2879 214 2948 in
241 2877 352 2970 aliqua
379 2875 495 2944 talium
522 2870 702 2943 formarum
731 2870 922 2967 inq-r-A,
951 2875 1139 2967 inq-eii,
1166 2873 1351 2968 inps-C,
1377 2886 1442 2946 etc.
1469 2887 1666 2962 contentus,
1698 2900 1839 2970 quarum
1865 2902 2025 2952 numerus
2049 2893 2212 2977 aequatur

178 3019 309 3090 semissi
349 3014 576 3087 multitudinis
614 3037 827 3086 numerorum
865 3011 910 3086 ad
947 3019 993 3084 in
1018 2991 1207 3108 primorum
1245 3037 1351 3110 eoque
1383 3019 1564 3089 minorum.
1615 3015 1676 3090 Sin
1707 3029 1820 3090 antem
1851 3019 1978 3093 divisor
2010 3025 2045 3092 in
2076 3021 2213 3120 reliquis

177 3154 302 3232 formis
326 3159 558 3238 contineatur,
585 3159 649 3226 erit
674 3157 702 3226 is
726 3153 1013 3227 non-residuum.

282 3299 366 3372 stit.
418 3297 480 3381 Hic
506 3309 619 3368 eutem
645 3299 750 3390 excipi
776 3295 901 3367 debent
926 3319 1041 3382 casus,
1066 3295 1188 3391 quibus
1213 3319 1374 3369 numerus
1400 3320 1423 3367 n
1448 3309 1500 3369 est
1525 3296 1726 3394 quadratus,
1752 3303 1876 3395 quippe
1895 3304 1952 3397 qui
1973 3325 2105 3398 semper
2125 3307 2214 3378 inter

177 3441 315 3516 residua
344 3443 512 3528 occurrit,
550 3443 743 3534 quicunque
774 3435 934 3509 divisores
965 3439 1185 3532 accipiantur.=
1236 3435 1289 3508 Ae
1320 3441 1348 3508 si
1379 3460 1403 3509 ιι
1427 3442 1472 3509 sit
1500 3438 1703 3534 quadratum
1731 3443 1944 3534 negativum,
1983 3444 2100 3516 eedem
2125 3447 2213 3520 ratio

178 3585 270 3656 vaiet
293 3605 334 3654 ac
358 3605 421 3677 pro
447 3585 542 3652 4-1.
1511 3673 1515 3679 Ι

280 3727 363 3795 350.
414 3725 561 3794 Primum
597 3725 704 3816 igitur
740 3720 964 3816 demonstrari
999 3719 1117 3808 debet,
1154 3725 1182 3792 si
1221 3720 1351 3794 divisor
1382 3724 1508 3816 primus
1539 3725 1584 3792 sit
1616 3726 1747 3816 inq-r·
1761 3728 1804 3808 ii,
1842 3727 2005 3797 existente
2037 3731 2212 3804 inumem

178 3867 310 3960 impuri,
336 3867 425 3935 inter
448 3861 581 3935 residua
607 3861 851 3957 quadratorum
877 3883 1011 3958 semper
1034 3883 1217 3934 occurrere
1240 3874 1311 3936 torn
1336 3885 1496 3935 numeros
1520 3886 1544 3934 ιι
1569 3873 1605 3934 et
1627 3887 1660 3958 q,
1686 3887 1787 3959 mam
1813 3887 1932 3940 eorum
1951 3869 2111 3962 negativa
2131 3886 2212 3941 -ιι

174 4015 213 4076 et
239 4043 288 4061 -
305 4029 341 4099 q.
393 4003 446 4076 Sit
471 4007 673 4074 i=2m÷
690 4009 726 4091 i,
754 4013 788 4074 et
809 4007 891 4098 qnia
914 4003 1044 4076 divisor
1070 4009 1522 4099 bnq÷imm÷bm÷i
1554 4001 1757 4078 ost-iornao
1784 4011 1930 4102 bp-r-i,
1956 4010 2046 4080 inter
2071 4007 2208 4081 residua

173 4149 376 4220 continetur
402 4144 603 4242 quadratum
629 4148 825 4240 negativum
850 4183 898 4200 -
914 4150 1224 4234 imm-iaa-i,
1250 4145 1394 4242 ideoque
1418 4169 1579 4218 numerus
1606 4151 1692 4241 inq,
1719 4157 1754 4218 et
1778 4148 1823 4220 ob
1849 4151 1870 4218 b
1891 4148 2082 4238 residuum,
2108 4154 2209 4222 etiam

176 4309 341 4360 numerus
371 4311 433 4382 aq,
473 4289 621 4382 itemque
653 4309 775 4382 -nq,
813 4311 919 4382 quare
950 4285 1004 4361 vel
1034 4287 1133 4359 ambo
1163 4292 1294 4359 numeri
1324 4310 1348 4358 ιι
1368 4299 1404 4358 et
1427 4313 1450 4384 q
1475 4289 1574 4361 simui
1598 4293 1688 4360 inter
1713 4289 1865 4378 residua,
1904 4292 1959 4363 vei
1985 4291 2084 4363 ambo
2109 4293 2209 4364 simnl

178 4435 269 4502 inter
293 4428 527 4501 non-residua
553 4451 731 4502 occurrere
757 4427 935 4517 deberent,
959 4428 1053 4501 unde
1079 4428 1160 4502 dum
1185 4430 1349 4501 alteruter
1369 4425 1475 4502 fuerit
1499 4434 1589 4504 inter
1612 4429 1764 4518 residua,
1790 4441 1826 4502 et
1849 4432 1936 4503 alter
1960 4432 2082 4504 ibidem
2108 4455 2209 4528 repe·

177 4575 287 4644 datur
311 4593 446 4642 necesse
472 4581 534 4642 est.

276 4713 361 4784 351.
413 4711 451 4784 Si
476 4735 500 4782 ιι
525 4733 595 4784 nen
620 4721 710 4784 esset
735 4709 924 4798 residuum,
956 4711 1089 4782 nulium
1113 4710 1254 4784 daretur
1278 4710 1482 4806 quadratum
1506 4735 1576 4799 ιι,
1608 4723 1648 4784 ut
1670 4735 1820 4784 ιιι-ιι
1845 4711 2011 4784 divisibile
2036 4724 2126 4784 esset
2148 4736 2208 4809 per

180 4857 312 4949 inq-r-
326 4858 601 4926 inea-r-im-r-
618 4858 648 4925 i.
687 4854 724 4926 Si
753 4873 839 4948 ergo
870 4852 1096 4925 demonstrari
1121 4845 1236 4948 posset
1261 4851 1333 4925 dari
1358 4852 1556 4949 hujusmodi
1581 4853 1800 4949 quadratum,
1835 4856 1945 4924 evicta
1969 4865 2060 4926 esset
2083 4858 2206 4927 veritas

178 4997 426 5089 propositionis.
476 4993 543 5066 Vel
567 4997 594 5065 si
619 5018 643 5067 ιι
666 5003 756 5066 esset
780 4993 1068 5081 non-residuum,
1101 4993 1186 5066 baec
1212 4996 1380 5088 expressio
1405 4987 1792 5064 n²'¹⁹*²'”''²*²'''-i
1821 5015 1892 5066 non
1916 5005 2005 5064 esset
2030 4993 2205 5066 divisibilis
2279 4972 2284 4980 ¹

176 5157 238 5228 per
262 5157 441 5207 nnmerum
466 5139 621 5230 primurn,
649 5157 753 5231 quare
777 5138 805 5206 si
833 5139 1039 5208 contrarium
1064 5134 1289 5208 demonstrari
1312 5143 1446 5229 posset,
1472 5131 1675 5206 haberemus
1700 5132 1793 5230 qnod
1820 5135 2036 5217 intendimus.
2053 5134 2106 5234 pq

277 5280 360 5350 352.
411 5275 540 5349 Deinde
573 5281 601 5348 si
628 5275 756 5349 divisor
780 5280 909 5370 primus
938 5279 986 5346 sit
1012 5280 1447 5371 inq-imm-im-i,
1486 5278 1576 5346 inter
1600 5277 1733 5346 residua
1759 5274 2002 5369 quadratorum
2027 5299 2204 5352 occurrere

174 5439 350 5490 numerum
388 5441 428 5502 ιι,
466 5421 556 5490 inter
583 5417 818 5490 non-residua
848 5439 929 5490 vero
960 5439 1138 5488 numerum
1168 5441 1272 5504 -n,
1312 5414 1536 5487 demonstrari
1568 5425 1717 5510 oportet.
1769 5413 1842 5486 Pari
1870 5425 1987 5510 autern
2013 5415 2092 5510 jure
2116 5421 2204 5488 inter

309 5583 345 5662 (¹)
389 5582 492 5664 script.
515 5584 555 5643 od
573 5603 664 5664 muro.
692 5581 721 5643 si
738 5603 760 5642 o
774 5589 855 5644 esset
869 5579 1114 5654 non-residuum,
1128 5579 1208 5642 soret
1223 5599 1347 5660 quoque
1362 5579 1598 5641 non-residuum
1612 5597 1679 5654 oza,
1695 5577 1827 5660 ideoque
1842 5577 1936 5646 etiarn

1003 5685 1589 5766 ssnzzsspiiop-s-imm-t-bm-a-i),

385 5813 464 5878 quae
480 5795 648 5878 expressio,
665 5795 692 5858 si
707 5815 770 5860 uno
784 5794 891 5858 saltem
906 5811 979 5858 casu
991 5803 1073 5856 essct
1086 5794 1279 5875 quadratum,
1294 5791 1486 5874 propositum
1497 5800 1658 5856 constaret.
1674 5789 1764 5866 Quod
1776 5789 1817 5858 ob
1827 5788 1914 5870 signe
1924 5787 2068 5871 arnbigun
2078 5808 2203 5872 semper

386 5921 448 5964 nno
462 5903 571 5965 saitem
588 5923 660 5965 casu
676 5903 800 5965 evenire
816 5902 930 5965 debere
948 5901 1082 5976 videtur;
1102 5901 1196 5982 idque
1212 5920 1248 5963 eo
1264 5901 1375 5983 magis.
1391 5919 1462 5962 cum
1475 5899 1568 5962 etiam
1582 5921 1602 5960 ιι
1617 5911 1646 5962 ιι
1662 5898 1754 5979 qeint
1765 5893 2001 5978 pennniabiles,
2022 5893 2203 5978 quinetiam

383 6027 490 6072 verum
518 6017 580 6084 est,
606 6009 663 6072 etsi
689 6009 804 6072 divisor
824 6027 886 6071 non
907 6007 949 6071 sit
970 6009 1097 6090 primns.
1140 6007 1289 6081 Dubium,
1321 6007 1347 6069 si
1372 6007 1484 6080 ozi,
1516 6009 1622 6087 q=5‚
1653 6005 1865 6078 emetzs,
1899 6001 2131 6083 ssiszssiiiip,
2152 6003 2200 6066 vei

386 6116 604 6197 ssbasssiibp
626 6115 811 6199 qnadrntnm
826 6115 913 6180 effici
927 6115 1044 6199 nequit.
1069 6115 1151 6199 Ergo
1166 6113 1385 6180 demonstratio
1400 6115 1444 6178 ita
1458 6121 1503 6176 ιιι
1517 6111 1705 6198 adornanda,
1729 6120 1765 6176 nt
1777 6109 1895 6195 divisop
1908 6115 2060 6172 statuatur
2074 6109 2199 6190 primns.

1968 6240 1987 6280 G
