5198 7072
832 561 850 586 ·
929 563 932 570 ’
1011 563 1055 646 ι.
1085 559 1307 647 nunnnr
1337 525 1505 648 ornus
1533 560 1825 646 rosununn.

1339 1447 1522 1550 ιιιιιι.
1611 1393 1618 1514 ἶ

731 1755 1136 1892 Institutionum
1156 1675 1370 1836 Calculi
1395 1747 1783 1836 differentialis
1805 1749 1986 1854 §collo
2009 1751 2111 1836 ΙΙΙ.

971 1956 1065 2076 (conr.
1080 1995 1155 2060 nat.
1170 1994 1203 2060 c.
1218 1995 1255 2058 o.
1270 1993 1351 2060 eur.
1366 1993 1403 2059 11.
1419 1936 1694 2077 oapxnpeee.
1709 1991 1783 2057 ese.
1798 1989 1882 2072 ese.)

1318 2229 1526 2246 m

1326 2433 1470 2516 caput
1496 2433 1535 2498 1.
1629 2433 1637 2442 '
1763 2441 1767 2449 '

911 2582 956 2645 lle
971 2581 1092 2646 calculo
1108 2580 1302 2647 differentiali
1316 2583 1356 2646 ad
1370 2580 1467 2648 lineas
1482 2601 1593 2646 curvas
1607 2579 1761 2666 applicato
1776 2579 1807 2644 ln
1822 2599 1945 2664 genere.

519 2736 551 2805 l.
602 2729 800 2827 Quanquam
836 2734 871 2803 in
906 2733 994 2804 libro
1031 2731 1254 2828 praecedente
1279 2735 1351 2830 jam
1383 2734 1526 2830 insignis
1557 2733 1685 2806 Calculi
1715 2723 1948 2804 differentialis
1978 2751 2059 2804 usus
2082 2733 2118 2802 in
2141 2733 2214 2826 ipsa
2237 2731 2367 2824 scalpsi
2390 2740 2438 2803 est

381 2907 384 2913 ·
418 2885 591 2961 ostensus,
628 2882 742 2944 nmen
773 2873 848 2970 ejus
881 2876 933 2958 ris
963 2877 1104 2946 maxime
1128 2847 1352 2970 perspicietur
1377 2877 1412 2948 in
1437 2874 1593 2948 doctrina
1624 2873 1666 2948 de
1687 2873 1789 2946 lineis
1813 2875 1944 2962 curvis,
1980 2895 2065 2969 qnae
2090 2883 2171 2970 post
2191 2872 2296 2970 hujus
2322 2873 2436 2946 edent

418 3015 648 3086 inventionem
678 3023 773 3083 tanta
802 3011 936 3108 accepit
967 3017 1188 3102 incrementa,
1225 3026 1265 3086 ut
1293 3038 1379 3112 quae
1411 3015 1556 3088 antehac
1586 3011 1725 3088 luerunt
1755 3014 1891 3086 detecta
1920 3037 1999 3112 prae
2024 3013 2078 3085 bis
2104 3009 2176 3086 lere
2200 3017 2337 3110 penitus
2360 3037 2435 3086 era-

418 3163 571 3228 nescant.
613 3151 778 3250 Equidem
802 3157 837 3224 in
862 3155 1118 3228 introductione
1142 3157 1185 3228 ad
1211 3153 1373 3250 Analysin
1398 3151 1608 3230 infinitorum
1624 3159 1794 3259 ¹plurimas
1816 3155 1981 3226 linearum
2005 3177 2185 3227 curvarum
2210 3158 2436 3250 proprietates,

418 3319 505 3393 qnae
533 3295 636 3390 vulgo
661 3295 782 3367 calculi
808 3289 1038 3368 differentialis
1063 3320 1127 3392 ope
1151 3299 1221 3369 erui
1246 3299 1373 3386 solent,
1399 3319 1461 3394 per
1485 3295 1557 3371 sola
1582 3297 1724 3393 aualpsls
1750 3291 1924 3370 finitorum
1950 3305 2127 3391 praecepta
2150 3297 2302 3367 invenire
2322 3293 2435 3378 docui3

316 3449 320 3462 '
419 3460 541 3510 verum
565 3446 601 3507 et
624 3435 669 3508 ibi
694 3435 858 3532 qrraedam
883 3459 951 3508 nou
976 3436 1118 3510 obscura
1144 3439 1268 3511 calculi
1292 3432 1503 3512 infinitorum
1528 3441 1672 3534 vestigia
1697 3439 1822 3522 latent,
1858 3449 1960 3532 atque
1990 3435 2047 3508 illa
2078 3437 2295 3530 investigatio
2318 3439 2366 3508 ita
2389 3445 2436 3508 eet

418 3587 625 3672 comparata,
651 3586 692 3648 ut
716 3579 780 3647 nisi
805 3580 897 3670 prius
922 3575 1041 3650 eadem
1065 3577 1130 3650 alia
1155 3577 1318 3652 methodo
1342 3575 1487 3652 luissent
1505 3583 1659 3674 cognita,
1687 3581 1742 3650 vix
1761 3600 1909 3674 unquam
1927 3579 2067 3674 reperiri
2084 3578 2234 3674 potuisse
2252 3578 2434 3652 videantur.

417 3715 506 3802 Quin
541 3717 644 3788 etiam
680 3719 716 3788 iu
749 3716 807 3788 illo
832 3716 920 3790 libro
958 3715 996 3790 id
1032 3717 1113 3790 mihi
1149 3721 1327 3814 praecipue
1365 3729 1437 3791 erat
1471 3723 1701 3815 propositum,
1742 3729 1798 3805 ut,
1836 3741 1914 3790 cum
1949 3741 2035 3813 quae
2065 3718 2171 3812 vulgo
2203 3741 2264 3813 per
2293 3721 2435 3812 analysin

418 3849 631 3930 infinitorum
669 3859 838 3952 praestari
869 3859 995 3946 solent,
1034 3855 1152 3930 eadem
1182 3862 1253 3931 sine
1282 3857 1349 3932 hoo
1379 3859 1529 3933 subsidio
1564 3863 1842 3954 explicavissem,
1869 3878 2019 3932 summus
2052 3881 2237 3938 consensus
2266 3863 2437 3932 universae

420 3997 565 4088 analysis
590 4019 631 4069 eo
657 3997 864 4070 luculentius
889 3998 935 4070 ob
959 3994 1080 4072 occulos
1104 4011 1260 4096 ponatur.

520 4139 554 4208 2.
605 4134 690 4208 Cum
720 4140 826 4232 igitur
856 4143 1022 4236 principia
1050 4141 1173 4214 calculi
1201 4135 1433 4216 differentialis
1464 4165 1504 4214 er
1534 4135 1733 4215 dill'erentiis
1756 4135 2103 4260 finitislrpnctionum
2128 4139 2366 4227 derivaverim,
2400 4162 2436 4212 ex

420 4274 541 4348 eodem
571 4273 667 4349 lente
698 4279 877 4374 applicatio
908 4281 1010 4378 hujus
1040 4283 1164 4356 calculi
1189 4279 1233 4354 ad
1258 4279 1449 4356 doctrinam
1474 4283 1517 4357 de
1542 4283 1640 4356 lineis
1666 4287 1779 4356 curvis
1803 4277 1949 4380 petenda
1972 4277 2117 4356 videtur.
2168 4281 2260 4368 Quae
2285 4286 2376 4354 enim
2399 4281 2436 4354 de

419 4415 651 4492 functionibus
682 4431 763 4496 sunt
794 4421 934 4510 tradita,
966 4448 1006 4496 ea
1030 4427 1065 4498 ln
1092 4423 1189 4500 lineis
1214 4427 1332 4498 curvis
1357 4427 1598 4522 amplissimum
1624 4426 1739 4498 locum
1764 4427 1953 4498 inveniunt.
2001 4422 2087 4496 Nam
2111 4425 2192 4510 etsi,
2222 4435 2336 4495 sumta
2360 4447 2437 4520 qua-

419 4851 573 4933 possunt.
617 4843 794 4927 Quaelibet
819 4849 950 4918 scilicet
976 4849 1061 4920 linea
1085 4872 1146 4945 per
1171 4872 1310 4924 curvam
1334 4848 1572 4937 determinata,
1598 4871 1686 4944 quae
1716 4851 1842 4920 variata
1867 4847 2015 4920 abscissa
2039 4847 2138 4918 simul
2164 4845 2217 4916 vel
2241 4849 2368 4918 crescit
2388 4843 2436 4916 vel
2575 4830 2579 4843 ⁹

420 4977 601 5068 decrescit,
628 4993 791 5079 tanquam
814 4983 945 5062 iunctio
970 4989 1135 5062 abscissae
1156 4959 1310 5084 spectari
1329 4993 1477 5087 poterit,
1499 4989 1693 5086 cujusmodi
1718 5000 1797 5062 sunt
1815 4987 1938 5060 cordae
1957 5007 2017 5059 seu
2037 4987 2227 5067 subtensae,
2252 4996 2435 5082 tangentes,

420 5121 606 5205 normales,
644 5133 680 5194 et
715 5124 823 5198 lineae
854 5151 1075 5225 quaecunque
1106 5133 1206 5220 aliae,
1244 5154 1385 5227 quarum
1417 5133 1471 5204 rel
1501 5134 1641 5227 positio,
1682 5131 1738 5204 vel
1767 5127 1969 5225 magnitudo
2000 5151 2040 5199 ex
2065 5130 2250 5222 quantitate
2275 5127 2436 5200 abscissae

421 5259 674 5336 determinatur.
725 5265 815 5338 Tum
844 5271 945 5340 etiam
974 5273 1078 5364 ipsius
1108 5293 1232 5344 curvae
1259 5271 1441 5366 longitudo
1472 5284 1508 5344 et
1531 5294 1608 5344 area
1632 5281 1792 5368 tanquam
1815 5267 2008 5342 functiones
2031 5271 2176 5362 spectari
2200 5249 2363 5362 possunt,
2399 5289 2435 5338 ac
2495 5257 2503 5268 ⁸

420 5379 595 5496 praeterea
619 5405 880 5480 innumerabiles
905 5411 989 5481 aliae
1015 5415 1234 5506 quantitates
1261 5417 1332 5485 sive
1357 5417 1425 5484 sint
1450 5415 1572 5501 lineae,
1600 5417 1669 5484 sive
1694 5389 1907 5507 superficies,
1934 5413 2004 5482 sire
2030 5406 2148 5480 solida.

522 5543 556 5614 3.
608 5543 791 5620 Ordiamur
828 5572 848 5620 a
885 5553 1129 5645 simplicissimo
1166 5565 1202 5625 et
1232 5555 1370 5626 maxime
1401 5565 1566 5628 consueto
1597 5561 1750 5626 naturam
1781 5547 1961 5624 curvarum
1993 5547 2197 5644 exprimendi
2228 5547 2349 5637 modo,
2385 5551 2438 5645 qni

372 5705 394 5748 ι
420 5683 582 5758 relatione
606 5689 697 5760 inter
721 5689 936 5762 coordinatas
961 5692 1204 5786 orthogonales
1229 5699 1433 5768 continetur.
1460 5695 1512 5768 Sit
1538 5689 1610 5790 (fig.
1632 5693 1683 5792 2.)
1702 5705 1794 5767 recta
1814 5688 1882 5766 ΑΡ
1899 5693 1978 5780 axis,
1996 5689 2040 5762 ad
2059 5713 2160 5784 quem
2181 5699 2302 5762 nature
2321 5711 2437 5762 curvae

419 5821 583 5915 refertur,
621 5829 657 5899 in
685 5853 754 5924 quo
785 5841 937 5903 sumatur
965 5791 1111 5904 abscissa
1136 5830 1306 5906 AP=cc
1330 5846 1366 5907 et
1389 5837 1555 5933 applicata
1580 5839 1612 5908 ei
1638 5835 1797 5908 normalis
1821 5835 1892 5904 ΡΜ
1900 5829 2015 5922 =y;'
2038 5841 2158 5900 natura
2182 5839 2297 5902 autem
2322 5851 2438 5902 curras

421 5967 624 6058 exprimatur
659 5971 861 6064 aequatione
897 5993 1097 6066 quacunque
1129 5975 1218 6045 inter
1247 5999 1275 6046 cc
1304 5986 1341 6047 et
1368 5997 1410 6065 γ,
1449 5979 1497 6048 ita
1527 5985 1567 6047 ut
1597 5977 1641 6046 sit
1666 5998 1694 6064 γ
1722 5969 1856 6044 lunctio
1886 5991 2107 6066 quaecunque
2134 5970 2238 6063 ipsius
2262 5991 2306 6056 ac,
2345 5989 2437 6064 ᾳιιιιιι

420 6109 564 6201 primum
596 6097 760 6184 assulmsm
791 6107 1012 6200 uniformem,
1051 6121 1091 6184 ut
1119 6113 1264 6208 singulis
1293 6113 1450 6188 abscissis
1474 6117 1578 6188 unica
1599 6111 1803 6208 respondeat
1827 6109 2006 6206 applicata.
2055 6107 2143 6180 Dum
2168 6109 2272 6202 igitur
2296 6107 2454 6180 abactor·
