5168 7068
852 642 1004 727 esacrae
1031 645 1081 724 od
1108 645 1171 724 cel.
1202 644 1395 750 Lepronpe
1421 648 1536 728 datae.
1646 758 1655 774 ο

325 890 328 896 ’
401 903 442 973 G.
497 899 724 972 Octoteein
751 899 909 972 litterae
935 899 979 973 ad
1008 900 1087 971 Cel.
1117 901 1316 992 Lagrange
1343 899 1454 971 datae
1481 901 1594 972 annis
1626 902 1739 973 1⁷55
1767 903 1813 977 sd
1844 907 1970 980 1775.

1175 1145 1209 1208 1.

602 1369 659 1440 l'ir
685 1373 931 1460 praestantissime
959 1379 1045 1460 atque
1073 1367 1344 1438 Excellentissime.
1403 1459 1407 1466 Ι

261 1615 408 1682 Perlectis
436 1619 495 1686 tuis
521 1617 683 1700 postremis
710 1616 828 1690 litteris,
857 1617 969 1698 quibus
997 1615 1147 1680 theoriam
1174 1615 1376 1678 maximorum
1404 1634 1440 1677 ac
1466 1617 1662 1696 minimorum
1683 1620 1721 1682 ad
1742 1594 1897 1685 summum
1917 1623 1981 1688 iere
2003 1627 2197 1709 perfectionis

176 1746 332 1830 fastigium
358 1743 492 1808 erexisse
519 1741 647 1816 videris,
675 1741 817 1806 eximiam
842 1741 955 1824 ingenii
982 1741 1028 1804 tui
1055 1740 1248 1822 sagacitatem
1275 1740 1351 1802 satis
1377 1739 1521 1801 admirari
1548 1760 1608 1803 non
1630 1729 1768 1822 possum.
1805 1745 1882 1810 Cum
1903 1750 1986 1813 enim
2011 1770 2071 1812 non
2098 1751 2199 1814 solum

176 1873 209 1935 in
231 1880 360 1936 tractatu
383 1891 452 1935 meo
475 1869 513 1932 de
535 1869 594 1932 hoc
615 1878 795 1951 argumento
817 1867 996 1931 methddum
1018 1887 1102 1930 mere
1124 1867 1306 1951 analyticam
1326 1865 1591 1941 desideravissem,
1612 1887 1672 1949 qua
1695 1868 1817 1952 regulae
1832 1873 1874 1935 ihi
1889 1877 2017 1940 traditae
2039 1877 2107 1940 erui
2127 1897 2197 1960 pos-

112 2066 113 2069 ,
175 2009 259 2075 sent,
282 1999 337 2062 sed
360 1999 451 2062 etiam
471 1996 615 2078 deinceps
636 2015 697 2057 non
718 2014 828 2077 parum
851 1994 945 2056 studii
967 1996 996 2056 in
1013 1994 1189 2077 hujusmodi
1205 1994 1349 2058 methodo
1365 1995 1532 2078 detegenda
1547 1997 1814 2078 consumpsissem,
1836 2001 1969 2065 maximo
1990 2022 2065 2065 sane
2086 2004 2198 2088 gaudio
2327 2016 2331 2026 '

175 2145 228 2190 sue
248 2127 391 2202 affecisti,
414 2126 496 2207 qnod
519 2133 588 2188 tuos
609 2119 866 2206 profundissimas
888 2142 986 2203 aeque
1007 2141 1043 2184 ac
1064 2121 1265 2184 solidissimas
1286 2122 1497 2184 meditationes
1512 2143 1608 2204 super
1622 2123 1670 2186 his
1693 2125 1788 2188 rehus
1803 2147 1923 2189 mecum
1944 2128 2093 2192 henevole
2114 2149 2196 2193 com·
2322 2153 2326 2162 ·

175 2255 333 2318 manicare
356 2249 493 2327 voluisti,
520 2249 719 2333 quamohrem
741 2250 797 2314 tihi
819 2271 868 2313 me
890 2252 1020 2313 maxime
1043 2251 1223 2313 obstrictum
1243 2271 1386 2333 agnosco.
1423 2251 1529 2314 Statim
1555 2261 1659 2314 autem
1681 2253 1817 2336 perspici
1838 2255 1975 2338 analysin
1998 2265 2094 2330 tuam,
2117 2275 2196 2340 quae
2328 2297 2336 2326 ·.

173 2399 261 2444 meas
283 2378 459 2478 hujusmodi
479 2379 706 2461 problematum
721 2378 891 2440 solutiones
914 2399 970 2460 per
991 2378 1056 2441 sola
1079 2378 1240 2461 analyseos
1261 2387 1423 2464 praecepta
1443 2377 1582 2456 elicuisti,
1606 2380 1702 2442 multo
1724 2381 1816 2444 latius
1836 2391 1940 2464 patere
1962 2403 2030 2446 mea
2051 2371 2197 2447 methodo

173 2507 255 2572 ideis
277 2507 468 2592 geometricis
489 2507 603 2570 innixa.
639 2506 673 2567 ln
696 2505 838 2569 universa
864 2507 946 2570 enim
972 2507 1052 2570 serie
1075 2497 1340 2589 valorum'ipsius
1360 2528 1388 2588 p,
1412 2479 1466 2589 qui
1487 2507 1615 2590 singulis
1642 2507 1799 2571 valorihus
1824 2509 1923 2591 ipsius
1949 2531 1974 2574 a
1997 2511 2195 2592 resphndent,

175 2635 276 2700 donec
297 2657 322 2700 a
344 2637 414 2700 dato
435 2636 532 2699 valori
552 2656 572 2697 e
593 2641 758 2716 aequetur,
780 2653 836 2718 ego
851 2635 976 2698 unicum
992 2635 1128 2698 valorem
1149 2635 1245 2718 ipsius
1265 2657 1284 2722 y
1307 2636 1375 2697 data
1392 2636 1524 2716 quadam
1546 2635 1696 2716 particula
1718 2635 1755 2717 dy
1775 2638 1881 2719 augeri
1903 2639 2042 2718 concepi,
2064 2637 2196 2720 indeque

53 2793 56 2800 ·
174 2763 402 2828 incrementum
423 2765 455 2826 in
480 2763 615 2826 formula
636 2763 776 2845 integrali
785 2757 886 2854 sada
908 2773 1011 2826 ortum
1032 2764 1226 2846 investigavi,
1250 2763 1325 2825 dnm
1346 2773 1393 2838 tu,
1412 2763 1467 2825 Vir
1489 2762 1670 2838 clarissime,
1692 2763 1830 2848 singulos
1852 2763 1972 2828 valores
1993 2766 2091 2848 ipsius
2112 2788 2132 2848 y
2152 2767 2197 2828 in·

175 2901 333 2988 crementa
359 2892 396 2973 dy
421 2911 531 2975 capere
556 2891 701 2966 assumis,
729 2911 822 2973 quam
848 2891 889 2956 oh
906 2912 1051 2991 'causum
1079 2912 1140 2954 non
1168 2891 1274 2954 dubito
1304 2891 1378 2972 quin
1406 2900 1460 2954 tua
1486 2891 1633 2974 analysis,
1656 2893 1682 2954 si
1705 2893 1826 2974 penitus
1847 2893 2018 2969 excolatur,
2040 2893 2079 2956 ad
2100 2893 2197 2956 multo

177 3021 377 3104 profundiora
401 3041 474 3083 mox
499 3021 538 3082 sit
565 3019 761 3104 perductura.
798 3020 890 3103 Cujus
919 3019 1044 3102 quidem
1072 3019 1274 3102 praestantiae
1297 3019 1498 3102 jam'eximia
1527 3019 1668 3100 exempla
1694 3038 1713 3082 a
1740 3029 1771 3082 te
1797 3019 1929 3084 feliciter
1954 3021 2092 3085 coniecta
2118 3023 2199 3086 circa
2248 3069 2255 3082 ,

116 3192 117 3196 ,
175 3147 275 3212 lineas
294 3148 431 3211 citissimi
452 3147 601 3230 appulsus
613 3148 663 3232 ,ad
677 3148 780 3210 datam
800 3147 927 3222 lineam,
951 3148 1024 3230 quin
1046 3129 1193 3210 etiam‘de
1216 3147 1360 3210 methodo
1375 3147 1581 3209 maximorum
1600 3145 1638 3209 ad
1652 3145 1833 3228 superficies
1848 3137 2000 3230 applicata
2014 3167 2197 3212 commemo·

176 3295 334 3364 rae-quae
348 3277 449 3339 omnia
464 3283 498 3339 ut
511 3277 682 3340 accuratius
698 3275 893 3358 persequaris
908 3275 1000 3338 etiam
1014 3283 1106 3356 atque
1121 3245 1266 3338 etiamte
1288 3294 1372 3357 rogo.
1395 3275 1464 3338 llea
1487 3275 1611 3357 quidem
1626 3273 1772 3338 methodo
1787 3296 1874 3352 usus,
1895 3275 2001 3358 plures
2022 3273 2198 3360 hujusmodi

176 3405 376 3486 quaestiones
401 3404 482 3466 circa
508 3403 689 3487 superficies
717 3403 897 3486 pertractavi
925 3403 957 3464 in
982 3403 1108 3466 scientia
1134 3401 1250 3478 navali,
1277 3422 1358 3484 quae
1383 3403 1505 3466 duobus
1527 3401 1734 3465 voluminibus
1759 3402 1790 3463 in
1812 3401 1855 3465 l²⁰
1877 3401 2033 3485 Petropoli
2055 3403 2197 3485 pluribus
2322 3400 2330 3414 ⁸

175 3533 289 3597 ehhinc
310 3533 396 3594 annis
417 3531 541 3613 prodiit.
577 3529 667 3606 Quod
689 3541 791 3595 autem
811 3529 851 3593 ad
874 3539 958 3594 tuam
981 3527 1174 3604 methodum,
1203 3549 1264 3611 qua
1285 3529 1418 3617 singulis
1443 3529 1602 3612 applicatis
1624 3551 1644 3611 y
1664 3529 1852 3593 incrementa
1874 3529 1911 3612 dy
1932 3531 2055 3607 tribuis,
2076 3533 2196 3607 attinet,

174 3659 342 3744 antequam
361 3660 421 3722 hoc
440 3660 551 3741 ipsum,
574 3660 657 3740 quod
680 3679 741 3721 non
763 3669 868 3741 aperte
889 3658 1021 3737 indicas,
1044 3657 1257 3734 animadverti,
1286 3657 1325 3721 de
1346 3677 1498 3722 consensu
1520 3665 1643 3720 tuarum
1663 3655 1866 3721 formularum
1887 3679 1957 3722 cum
1978 3659 2055 3722 meis
2077 3658 2197 3722 dubita·

84 3841 89 3850 .
177 3808 293 3852 veram.
330 3788 368 3851 Ut
389 3773 471 3850 enim
480 3781 580 3878 sada
601 3785 654 3851 fiat
675 3787 840 3851 maximum
862 3771 1024 3852 existente:

883 3919 1396 4048 a=ivap÷an²y÷ou²a÷
1407 4009 1500 4031 .....

179 4147 243 4226 (uhi
272 4145 397 4230 quidem
422 4166 479 4230 pro
505 4097 722 4212 denuitatem
748 4147 852 4234 ponis,
878 4159 940 4210 nou
965 4165 1023 4232 pro
1048 4165 1089 4222 a,
1114 4145 1158 4210 uti
1184 4145 1264 4210 forte
1294 4145 1382 4230 lapsu
1406 4145 1514 4209 calami
1539 4141 1655 4232 notas),
1682 4165 1809 4210 necesse
1831 4154 1892 4224 est,
1919 4154 1955 4210 ut
1980 4155 2035 4210 tuo
2055 4145 2195 4231 signandi

175 4293 263 4338 more
284 4274 325 4338 sit

952 4354 1073 4448 dszda,
1114 4376 1173 4421 seu
1203 4352 1416 4446 [διάξει-0.
1482 4375 1486 4381 ·

149 4508 152 4514 ’
174 4524 215 4582 At
237 4537 311 4582 vero
333 4518 464 4594 invenis,
485 4518 627 4600 ponendo
648 4527 751 4581 tecum
774 4519 788 4580 1
814 4536 871 4599 pro
892 4514 948 4578 da:

433 4653 1079 4767 es2=s(u-ur÷rQ-rn'et0.)
1102 4671 1829 4758 dy÷(P-dQ÷d²1t)dy÷(Q-dtt]u‹ty
1871 4683 1932 4739 erc.

175 4857 257 4922 unde
278 4857 437 4922 concludis
458 4877 527 4922 esse
550 4851 663 4922 dehere

941 4955 1431 5040 N-dP÷d²Q—d⁸1l=0.

176 5122 254 5185 Cum
275 5131 375 5186 tamen
397 5131 505 5186 natura
526 5121 729 5186 maximorum
750 5131 867 5186 tantum
889 5121 1039 5206 postulet,
1057 5101 1096 5184 ut
1116 5119 1167 5184 sit:

834 5290 874 5386 s
875 5297 917 5376 (N
927 5289 1278 5374 -an÷u²Q-u⁸n
1299 5296 1368 5374 ete)
1390 5291 1522 5374 tp=u

177 5463 293 5528 Verum
314 5475 476 5548 perspecta
497 5465 697 5548 amplitudine
713 5511 874 5534 .......
894 5467 923 5530 si
944 5465 1052 5532 anime
1072 5465 1244 5554 applicatae
1269 5486 1289 5547 y
1314 5465 1470 5530 incremeu
1485 5505 1648 5528 .......
1662 5456 1701 5552 s
1701 5463 1743 5541 (N
1752 5495 1789 5514 ι-
1802 5457 1975 5542 dP-s-d'Q
1986 5463 2035 5544 -)
2047 5458 2084 5544 dp
2111 5461 2189 5526 allus
2269 5505 2274 5526 .

175 5593 226 5657 vat
238 5637 405 5658 ........
427 5603 531 5678 parret
553 5592 993 5682 (P-cos-u‘nwy-sto
1012 5645 1020 5660 .
1197 5613 1305 5659 aaa
1328 5559 1506 5660 merentur
1530 5607 1729 5666 evanescere,
1941 5607 2051 5658 ausus
2077 5587 2188 5672 depre-

173 5719 336 5818 hendatur.

260 5847 466 5913 Vehementer
486 5850 579 5914 etiam
600 5859 631 5915 te
651 5870 743 5934 rogo,
764 5849 821 5915 Vir
841 5849 1027 5930 clarissime,
1047 5858 1082 5915 nt
1100 5847 1177 5914 mihi
1198 5849 1352 5934 ignoscas,
1374 5849 1458 5933 quod
1479 5849 1519 5914 ad
1540 5859 1610 5916 tuos
1631 5848 1749 5932 priores
1771 5845 1889 5910 litteras
1910 5864 1942 5910 m
1956 5887 2092 5910 ......
2106 5859 2191 5908 oem-
2246 5911 2250 5924 ,

175 5977 324 6040 mercium
350 5987 471 6042 nostrae
496 5979 582 6042 urhis
608 5999 679 6044 cum
704 5979 791 6043 ltalia
812 6025 977 6047 .......
1005 5990 1039 6044 ut
1059 5980 1117 6042 nisi
1138 5997 1195 6061 per
1215 5987 1401 6048 mercatores
1422 5986 1653 6062 promoveatur,
1675 5995 1736 6038 non
1756 6016 1918 6038 .......
1941 5971 2046 6054 possit.
2085 5969 2189 6044 Quare

175 6121 247 6168 eum
267 6101 341 6170 mihi
359 6103 423 6185 jam
443 6112 645 6168 mercatorem
667 6113 757 6168 tuum
777 6103 973 6181 indicaveris,
996 6105 1052 6168 has
1073 6104 1194 6168 litteras
1214 6103 1253 6166 ad
1274 6123 1346 6168 eum
1369 6123 1426 6190 per
1447 6114 1645 6168 mercatorem
1667 6099 1790 6164 mittens
1811 6115 1900 6181 rogo,
1921 6094 1962 6159 ad
1983 6093 2075 6180 quem
2096 6095 2188 6160 etiam

174 6238 259 6291 tuam
280 6213 525 6310 responsionem,
547 6251 610 6316 qua
630 6233 709 6296 forte
732 6253 781 6297 me
804 6233 956 6298 honorare
976 6233 1125 6310 volueris,
1147 6239 1315 6315 partuum
1333 6240 1533 6298 mercatorem
1554 6233 1675 6298 mittere
1696 6227 1817 6292 vellem.
1959 6205 1963 6212 ¹
