5168 7068
858 647 1027 747 Litterae
1053 668 1103 747 od
1129 667 1195 748 cci.
1226 665 1418 774 lopraoqc
1446 668 1560 746 datae.
2112 669 2194 754 557

174 907 253 972 scire
275 925 349 990 ergo
370 903 478 981 velim,
501 921 540 967 an
561 899 639 966 baec
659 899 700 964 sit
720 917 793 964 vere
811 899 942 964 solutio?
964 907 995 964 et
1016 899 1042 962 si
1062 899 1103 963 sit
1124 919 1210 976 vera,
1239 917 1279 962 an
1300 917 1337 962 ea
1364 916 1425 962 non
1451 898 1565 972 directe
1588 917 1651 1002 ope
1670 899 1806 964 methodi
1827 899 1988 986 eujusdam
2009 911 2111 968 certae
2136 905 2190 968 ob-

173 1034 264 1098 tineri
287 1040 390 1116 queat.

258 1161 389 1225 Litteras
413 1167 480 1222 tuas
501 1166 562 1219 tam
585 1155 745 1238 profundis
766 1153 1016 1218 meditationibus
1037 1153 1165 1216 refertas
1185 1173 1257 1217 cum
1279 1152 1487 1216 illustrissimo
1502 1153 1641 1235 praeside
1661 1161 1768 1218 nostro
1783 1155 2019 1230 communicavi,
2035 1157 2088 1238 qiai
2108 1177 2192 1220 sum·
2287 1157 2292 1164 '

170 1309 253 1354 inam
279 1299 362 1352 tuam
388 1285 583 1369 sagacitatem
610 1293 729 1348 mecum
755 1282 923 1366 plurimum
945 1289 993 1346 est
1012 1282 1196 1356 admiratus,
1222 1280 1378 1376 simulque
1404 1281 1459 1344 tibi
1484 1301 1541 1364 pro
1561 1291 1705 1363 suscepto
1727 1283 1866 1366 principii
1894 1284 2036 1350 minimae
2064 1285 2192 1349 actionis

171 1383 360 1502 patrocinio,
381 1414 528 1478 maximas
548 1411 610 1494 agit
630 1409 755 1494 gratias:
779 1417 895 1492 tuoque
910 1409 1033 1472 nomine
1047 1427 1211 1470 nnmerum
1232 1409 1389 1474 sociorum
1404 1410 1578 1472 academiae
1592 1419 1715 1474 nostrae
1738 1411 1820 1472 baud
1842 1411 2037 1478 mediocriter
2057 1414 2192 1477 illustra·

170 1531 299 1609 tamiri
321 1550 439 1615 censet,
462 1538 545 1622 quod
566 1556 680 1600 munus
702 1547 736 1602 ut
757 1535 813 1600 tibi
835 1537 1010 1600 conferatur
1030 1525 1129 1618 prima
1153 1534 1255 1598 oblata
1282 1535 1442 1598 occasione
1465 1536 1593 1600 curabit.
1630 1537 1675 1600 De
1699 1557 1737 1600 eo
1760 1557 1884 1620 quoque
1906 1559 2027 1602 mecum
2048 1549 2095 1604 est
2116 1540 2190 1604 allo·

168 1681 273 1746 entus,
294 1681 330 1735 ut
351 1691 391 1734 ex
411 1679 442 1732 te
463 1667 644 1752 sciscitarer,
666 1683 705 1727 an
726 1684 787 1728 non
807 1665 924 1740 sedem,
947 1684 1009 1748 qua
1030 1665 1155 1726 Taurini
1176 1663 1299 1738 frueris,
1322 1683 1393 1726 cum
1417 1664 1476 1727 alia
1497 1663 1529 1726 in
1552 1665 1711 1727 Germania
1734 1665 1794 1738 snb
1816 1667 1963 1748 auspiciis
1988 1668 2069 1752 regis
2091 1669 2189 1733 nostri

169 1796 463 1873 munificentissimi,
482 1794 533 1859 ciii
555 1802 585 1858 te
606 1791 820 1857 commendare
840 1792 947 1871 vellet,
970 1803 1147 1875 permutare
1168 1793 1290 1875 cupias;
1315 1810 1376 1874 qua
1403 1793 1441 1856 de
1467 1813 1502 1856 re
1528 1801 1563 1874 ut
1586 1811 1635 1855 me
1661 1793 1824 1857 certiorem
1850 1794 1957 1871 iacias,
1985 1797 2073 1884 enixe
2100 1817 2189 1881 rog03

167 1927 248 1990 mibi
270 1927 352 1991 enim
373 1933 456 1988 certe
482 1919 559 1986 nibil
572 1921 758 2003 ,evoptatiua
776 1921 909 1984 exeniro
930 1929 1041 2004 potest,
1065 1922 1204 2003 quamsi
1225 1930 1329 1984 tecum
1350 1939 1453 1984 coram
1478 1921 1721 2000 communicare,
1743 1929 1858 2004 tuaque
1880 1923 2104 1988 consuetudine
2126 1923 2190 1986 frui

168 2057 287 2122 nara.
324 2053 401 2118 vos
422 2061 454 2116 a
474 2051 574 2126 saiva,
597 2049 654 2112 vii
674 2017 932 2131 primusomne
964 2049 971 2060 ·

256 2215 389 2298 nescim
411 2215 443 2282 a
464 2213 507 2278 ai
528 2213 641 2296 Aprilis
666 2211 757 2276 iiio.
820 2192 827 2206 '
1576 2213 1645 2276 riii
1668 2213 1859 2277 deditissimo
1881 2212 1915 2278 ι.
1936 2213 2083 2278 suisio.

592 2923 650 2996 Vir
676 2924 841 2994 clarissime
868 2941 904 2991 ac
930 2919 1179 3010 praestantissime

256 3177 302 3240 lid
329 3176 446 3238 litteras
474 3180 541 3234 toas
568 3169 644 3232 mibi
669 3168 792 3252 quidem
817 3168 1056 3252 jucundissimas
1086 3165 1173 3248 prius
1199 3165 1387 3248 respondere
1413 3165 1514 3242 nolui,
1544 3185 1637 3249 quam
1663 3169 1847 3232 sententiam
1872 3177 1957 3234 tuam
1978 3191 2048 3234 cum
2076 3170 2188 3234 illustri

165 3307 313 3392 praeside
334 3311 441 3368 nostro
461 3319 542 3362 nuuc
563 3297 595 3360 in
616 3297 713 3360 Gallia
734 3298 864 3380 degente
886 3293 1204 3368 communicarissem,
1221 3295 1275 3376 qui
1290 3295 1335 3358 uti
1351 3303 1439 3358 tuum
1454 3295 1749 3378 praestantissimum
1764 3298 1919 3382 ingenium
1934 3319 2054 3364 mecum
2069 3319 2189 3364 maxmc

161 3403 349 3506 admiratur,
376 3434 418 3497 ita
445 3431 520 3494 mibi
547 3427 718 3505 mandavit,
743 3438 780 3492 iit
807 3427 989 3510 quantocius
1013 3437 1045 3491 te
1071 3426 1253 3489 Academiae
1284 3436 1407 3490 nostrae
1439 3429 1697 3503 commendarem,
1731 3437 1762 3492 et
1788 3430 1819 3492 in
1846 3450 2010 3520 numerum
2035 3429 2188 3493 sociorum
2250 3489 2261 3496 .

159 3572 340 3628 nostrorum
360 3560 492 3626 adscribi
510 3578 660 3622 curarem.
681 3555 772 3632 Quod
793 3537 864 3620 cuni
885 3577 1005 3620 summo
1027 3556 1179 3640 applausu
1201 3554 1294 3619 bodie
1315 3555 1356 3619 sii
1376 3557 1564 3638 expeditum,
1585 3565 1768 3620 consuetum
1784 3557 1920 3639 diploma
1942 3578 2012 3622 cum
2033 3558 2082 3622 bis
2104 3557 2185 3620 litte-

160 3695 210 3760 ris
236 3691 379 3773 accipies.
413 3689 576 3752 Caeterum
602 3687 646 3750 ill.
669 3705 794 3769 praeses
819 3693 924 3748 noster
944 3683 1019 3746 mibi
1038 3683 1231 3767 perscripsit,
1257 3704 1292 3748 se
1317 3693 1387 3767 post
1409 3685 1542 3750 reditum
1561 3705 1654 3748 suum
1676 3686 1758 3768 apud
1779 3705 1883 3768 regem
1903 3693 2044 3750 nostrum
2065 3706 2188 3750 omnem

160 3840 294 3905 operam
320 3837 389 3902 esse
415 3815 640 3898 adhibiturum,
666 3823 702 3878 nt
726 3814 787 3878 tuis
814 3813 932 3876 meritis
959 3813 1080 3895 dignam
1103 3811 1269 3875 stationem
1295 3813 1441 3878 obtineat.
1478 3813 1554 3878 Cum
1575 3813 1603 3876 is
1625 3821 1688 3878 tam
1710 3833 1862 3896 propenso
1889 3815 1921 3876 in
1947 3823 1979 3878 te
2004 3816 2044 3878 sit
2066 3815 2183 3890 animo,

159 3950 248 4015 hand
276 3947 332 4010 abs
355 3965 389 4010 re
415 3945 481 4008 fore
507 3942 655 4018 arbitror,
681 3909 720 4006 si
734 3943 773 4006 ad
799 3943 900 4023 ipsum
929 3941 1047 4004 litteras
1074 3939 1147 4004 dare
1168 3941 1317 4016 volueris,
1345 3961 1422 4026 quas
1442 3943 1486 4006 ita
1507 3942 1659 4007 inscibere
1681 3942 1811 4026 poteris:
1835 3940 1854 4004 d
1875 3945 1920 4010 Μ.
1943 3945 1977 4006 dc
1997 3943 2186 4027 Mccpcrtuis,

157 4075 310 4161 prisideot,
325 4079 358 4136 de
379 4053 539 4138 l'ocodimie
562 4075 661 4152 rcycle
681 4074 728 4134 dea
749 4075 867 4134 scicoccs
889 4083 914 4134 et
935 4073 1133 4134 belles-lettres
1154 4073 1187 4132 dc
1208 4073 1331 4148 Piresia,
1353 4070 1372 4134 d
1395 4071 1559 4149 sa-Mato,
1587 4093 1647 4155 quo
1675 4073 1743 4136 loco
1765 4072 1910 4155 hyemem
1931 4074 2113 4138 commorari
2134 4074 2186 4138 de·

158 4207 271 4272 crevit.
309 4203 437 4268 Interim
458 4201 622 4266 Academia
653 4209 758 4264 nostra
782 4201 1035 4283 profundissimas
1062 4207 1129 4262 tuas
1156 4192 1370 4265 meditationes
1395 4180 1517 4264 summio
1545 4221 1617 4264 cum
1648 4200 1803 4266 desiderio
1829 4209 1983 4284 expectat,
2014 4202 2128 4284 quibus
2154 4203 2184 4266 in

158 4341 321 4418 posterum
342 4331 437 4394 nostri
460 4329 668 4394 commentarii
689 4339 885 4394 exornentur.
922 4329 1014 4406 Vale,
1038 4328 1094 4392 Vir
1116 4329 1298 4406 clarissime,

1200 4487 1335 4571 saraque
1356 4487 1469 4571 ingenii
1488 4440 1536 4554 'tui
1558 4487 1747 4572 sagacissimi
1768 4487 1947 4552 admiratori
1966 4487 2182 4552 candidissimo

248 4639 381 4704 Berolini
403 4638 433 4704 d.
454 4638 477 4704 2
496 4637 580 4721 Sept.
606 4637 697 4704 1756.
725 4673 729 4682 ·
778 4612 780 4616 .
1465 4689 1484 4720 s
1780 4638 1815 4704 L.
1838 4639 1990 4702 Eulero.

1065 4895 1276 4912 *-

1146 5115 1191 5179 4.

580 5375 637 5448 Vir
663 5376 829 5448 clarissime
856 5398 891 5447 ac
919 5377 1171 5468 praestantissimo

242 5613 326 5680 inter
351 5625 396 5681 tot
423 5625 454 5680 et
480 5624 542 5680 tam
567 5623 688 5680 atroces
713 5616 864 5680 tumultus
890 5613 1034 5692 bellicos,
1062 5615 1176 5700 quibus
1202 5615 1254 5680 bic
1278 5612 1486 5698 undequaque
1509 5615 1690 5698 premimur,
1717 5617 1810 5680 tantis
1837 5616 1921 5681 cutis
1943 5615 2087 5700 equidem
2108 5637 2177 5679 sum

155 5745 328 5824 districtus,
355 5753 390 5810 ui
416 5745 493 5829 fere
508 5765 598 5810 omna
625 5745 843 5809 commercium
871 5745 1043 5810 litterarum
1070 5741 1224 5829 negligere
1250 5745 1310 5808 sim
1337 5753 1476 5820 coactus,
1506 5765 1545 5811 ex
1573 5765 1634 5828 quo
1659 5741 1809 5828 imprimis
1835 5753 1882 5820 te,
1911 5744 1967 5808 Vir
1994 5745 2177 5822 clarissime,

154 5873 248 5937 etiam
269 5883 363 5956 atque
384 5875 476 5938 etiam
496 5893 584 5957 rogo,
607 5880 641 5936 ut
663 5893 702 5965 ne
723 5873 799 5936 mibi
820 5891 920 5936 meam
942 5873 1156 5958 negligentiam
1177 5873 1208 5936 in
1229 5874 1390 5939 scribendo
1405 5875 1479 5938 uitio
1496 5881 1617 5938 uertere
1631 5873 1718 5937 relis.
1741 5872 1924 5955 Quanquam
1939 5881 2041 5936 autem
2055 5871 2177 5938 ldiscel-

154 6001 244 6066 ianea
268 6001 735 6086 philosophico-mathematica,
762 6023 895 6086 quorum
921 6004 1078 6086 exemplar
1098 6001 1174 6066 mibi
1195 6001 1344 6067 benevole
1371 6001 1547 6080 destinasti,
1572 6001 1708 6065 nondum
1733 6002 1849 6085 accepi,
1874 6021 1931 6064 nec
1958 6002 2087 6065 sortasse
2115 6011 2176 6066 tani

153 6133 215 6198 cito
237 6141 396 6215 expectare
418 6153 559 6216 possum,
584 6141 684 6196 tamen
706 6153 766 6196 non
781 6133 878 6215 potui,
896 6133 970 6216 quin
992 6133 1046 6197 tibi
1070 6151 1126 6216 pro
1148 6131 1208 6197 boc
1230 6134 1404 6198 testimonio
1425 6133 1576 6198 amicitiae
1597 6111 1711 6216 gratias
1732 6101 1818 6214 agam
1841 6131 1999 6206 maximas,
2022 6130 2177 6214 simulque

151 6281 252 6326 meam
274 6259 422 6326 laetitiam
442 6271 474 6327 et
494 6261 724 6327 admirationem
739 6261 902 6340 declarem,
923 6263 1005 6346 quod
1029 6271 1089 6326 tam
1112 6263 1193 6328 felici
1215 6283 1362 6329 successu
1383 6272 1444 6328 tam
1466 6261 1617 6326 sublimes
1637 6280 1673 6326 ac
1694 6258 1947 6345 profundissimas
1968 6259 2173 6344 investigatio·
