5166 7072
1005 573 1049 654 u.
1079 553 1491 664 autentorum
1520 573 1808 662 eosuuouu.

479 1941 585 2044 §aa
638 1941 700 2013 Per
736 1943 889 2037 regulam
919 1955 1031 2015 auteur
1063 1943 1236 2038 vulgarem
1266 1943 1357 2012 eirca
1386 1935 1621 2022 formationem
1651 1939 1894 2035 quadratorum
1922 1941 2118 2033 imparium,
2157 1959 2244 2034 quae
2275 1941 2407 2036 ubique

381 2081 471 2184 tradi
496 2081 601 2166 tolet,
628 2082 691 2152 ista
716 2073 826 2176 figura
857 2075 1028 2155 formatur

386 3455 472 3532 quae
496 3451 576 3504 num
602 3433 637 3505 in
662 3425 772 3503 lorma
799 3440 914 3502 nostra
941 3432 1158 3502 contineatur
1172 3427 1411 3524 dispiciamus:
1437 3451 1477 3501 ac
1497 3403 1760 3527 primoquidem
1781 3454 1840 3526 pro
1860 3429 2029 3527 diagonali
2049 3437 2180 3508 sinistra
2199 3436 2245 3508 oh
2264 3459 2342 3509 a:
2360 3441 2409 3512 ¹0

387 3575 488 3644 statui
514 3569 615 3690 duohti
641 3573 723 3644 δ”-τ
742 3579 777 3659 l,
809 3574 946 3656 (ιι-2,
974 3571 1114 3662 7:13,
1140 3573 1252 3640 επὶ
1278 3582 1314 3640 et
1337 3572 1482 3658 β--ὅῑ
1520 3582 1594 3644 ium
1619 3595 1701 3645 vero
1739 3573 1871 3663 b=0,
1898 3573 2064 3662 (1:20,
2090 3585 2251 3668 (1:¹5,
2278 3585 2408 3654 035.

389 3710 442 3782 Ex
470 3712 594 3808 quibua
619 3711 795 3785 valoriloua
819 3709 886 3784 hoe
911 3713 1020 3808 ipsum
1044 3708 1247 3806 quadratum
1273 3713 1433 3783 nascitur.
1552 3727 1556 3739 ·

484 3981 591 4084 §³0.
645 3985 762 4056 Plures
799 3985 880 4056 alias
902 3982 1111 4082 ¹hujusmodi
1151 3981 1276 4058 formas
1313 3988 1393 4054 satis
1422 3985 1597 4080 regulares
1615 3951 1695 4056 ¹tarn
1727 3989 1762 4057 in
1791 3987 1855 4060 hac
1887 3988 2015 4082 specie,
2052 4009 2152 4082 quam
2187 3989 2412 4084 aequenta'bos

386 4127 581 4218 excogitare
608 4124 704 4205 lieet;
744 4123 833 4196 undo
866 4147 1026 4216 numeros
1056 4123 1299 4220 quadratorum
1329 4129 1537 4218 magicorum
1565 4122 1657 4198 lacili
1685 4130 1822 4223 negotio
1847 4129 1882 4197 in
1907 4127 2103 4200 immensum
2128 4131 2244 4224 augeri
2268 4133 2407 4223 poterit.

387 4269 449 4341 Vir
474 4281 587 4342 autem
613 4291 758 4368 unquam
783 4274 867 4342 certi
893 4294 967 4343 eoae
988 4293 1175 4370 possemus,
1201 4293 1264 4343 noa
1278 4293 1401 4379 'omnes
1419 4293 1516 4340 casus
1536 4269 1711 4363 possibiles
1730 4267 1932 4360 exhausisse,
1956 4271 2087 4340 etiamsi
2107 4291 2224 4379 eorum
2243 4291 2409 4369 nnmerua

387 4384 479 4484 uerte
504 4433 572 4484 non
597 4397 641 4483 ait
663 4379 831 4486 infinitus.
871 4409 1010 4483 Maxime
1036 4421 1150 4496 autem
1175 4413 1246 4481 sine
1271 4409 1374 4482 dubio
1399 4407 1487 4481 soret
1513 4407 1790 4494 desiderandum,
1817 4420 1857 4480 ut
1881 4409 2019 4504 regulae
2045 4411 2152 4504 magis
2178 4386 2352 4504 generales
2371 4423 2410 4482 et

385 4551 429 4624 ad
467 4575 566 4623 osum
602 4554 792 4646 practioom
823 4549 1096 4623 accommodatae
1113 4526 1386 4645 detegerentur,
1427 4576 1469 4622 ne
1500 4575 1587 4645 opos
1612 4530 1856 4646 sto'plerasque
1883 4555 2095 4646 operationes
2119 4553 2213 4647 quasi
2240 4524 2410 4648 palpando

386 4713 559 4788 peragere.
610 4690 875 4766 Pulcherrimunr
906 4693 996 4764 enirn
1020 4704 1114 4764 certe
1139 4695 1384 4765 incrementum
1410 4693 1561 4768 theoriae
1587 4692 1877 4767 combinationem
1902 4691 1983 4764 hino
2007 4699 2096 4766 eaiet
2119 4713 2342 4766 aooeaoorum.

879 4995 938 5101 rV.
992 5027 1126 5126 Species
1151 5032 1396 5125 quadratorum
1421 5037 1458 5104 iu
1485 5033 1531 5104 aa
1557 4974 1696 5104 deltoton
1720 4989 1912 5104 dirutorum,

485 5242 507 5346 S
533 5253 591 5322 tt.
642 5249 806 5336 Quoniam
831 5253 888 5326 hio
915 5277 1073 5330 numerus
1098 5261 1323 5332 mutationum
1348 5261 1447 5330 nimis
1470 5269 1522 5330 est
1539 5279 1695 5356 magnus,
1720 5267 1755 5330 et
1774 5255 1936 5351 plurimae
1956 5255 2252 5329 determinationes
2269 5255 2409 5328 arbitrio

386 5399 506 5461 nostro
532 5390 786 5487 relinquuntur,
813 5391 991 5470 afferamus
1015 5387 1072 5471 hio
1096 5411 1229 5472 tantum
1255 5401 1408 5494 regulam
1433 5401 1629 5495 specialem,
1656 5423 1722 5495 qua
1747 5399 1879 5472 litterae
1904 5409 1975 5470 tam
2001 5399 2122 5470 latinae
2147 5418 2248 5492 quam
2265 5419 2407 5491 graeoae

385 5521 483 5600 facile
509 5533 544 5602 in
569 5529 722 5604 ordinem
748 5533 900 5610 debitum
926 5537 1058 5634 disponi
1085 5549 1227 5636 queant,
1263 5541 1388 5613 litteris
1410 5541 1542 5614 aoilieet
1566 5563 1623 5614 aex
1649 5541 1761 5613 latinio
1785 5539 1870 5612 talea
1895 5539 2260 5654 velumquibuantur,
2298 5539 2409 5610 nteit

385 5691 468 5740 o-r-
484 5663 892 5760 s=b÷o=o÷d
911 5679 1085 5775 rsimilique
1112 5681 1214 5754 modo
1241 5680 1459 5778 pro'graecia
1483 5673 1976 5772 α-ι-ζε-β-ι-εεγ-ι-ὅς
2007 5690 2080 5754 tum
2106 5683 2195 5752 enlm
2219 5679 2263 5751 td
2288 5679 2408 5751 Simili·

384 5807 536 5882 mom
560 5809 583 5910 s
608 5816 656 5887 20
682 5817 834 5913 eingulia·
848 5815 963 5892 laaeiie
987 5820 1254 5895 lrorizontaliious
1279 5825 1375 5898 tinae
1401 5825 1532 5899 tuem
1555 5824 1676 5901 latinas
1700 5823 1900 5919 oonjogottt
1918 5821 2149 5914 inustam&
2179 5819 2409 5911 'Malum

384 5969 464 6020 vero
491 5953 666 6052 uenioalea
690 5957 856 6058 ejusmodi
883 5961 979 6034 binas
1004 5963 1132 6037 litterae
1158 5985 1296 6067 graecu
1321 5965 1557 6068 disponamus,
1588 5963 1721 6062 hocque
1746 5961 1849 6044 modo
1863 5935 2083 6074 ¹obtinebitru
2105 5983 2250 6074 aqquqna
2275 5953 2405 6076 ligura:
