<?xml version="1.0" encoding="UTF-8"?>
<!DOCTYPE html PUBLIC "-//W3C//DTD XHTML 1.0 Transitional//EN"
    "http://www.w3.org/TR/xhtml1/DTD/xhtml1-transitional.dtd">
<html xmlns="http://www.w3.org/1999/xhtml" xml:lang="en" lang="en">
 <head>
  <title>
</title>
<meta http-equiv="Content-Type" content="text/html;charset=utf-8" />
  <meta name='ocr-system' content='tesseract 3.04.00' />
  <meta name='ocr-capabilities' content='ocr_page ocr_carea ocr_par ocr_line ocrx_word'/>
</head>
<body>
  <div class='ocr_page' id='page_1' title='image "./leonhardieuleri00petrgoog/leonhardieuleri00petrgoog_0014.png"; bbox 0 0 5192 7068; ppageno 0'>
   <div class='ocr_carea' id='block_1_1' title="bbox 1226 517 1456 581">
    <p class='ocr_par' dir='ltr' id='par_1_1' title="bbox 1226 517 1456 581">
     <span class='ocr_line' id='line_1_1' title="bbox 1226 517 1456 581; baseline 0.013 -14"><span class='ocrx_word' id='word_1_1' title='bbox 1226 517 1456 581; x_wconf 73' lang='lat' dir='ltr'><strong>-vl-</strong></span> 
     </span>
    </p>
   </div>
   <div class='ocr_carea' id='block_1_2' title="bbox 328 762 2349 1225">
    <p class='ocr_par' dir='ltr' id='par_1_2' title="bbox 328 762 2349 1225">
     <span class='ocr_line' id='line_1_2' title="bbox 436 762 2349 874; baseline 0.003 -32"><span class='ocrx_word' id='word_1_2' title='bbox 436 765 479 844; x_wconf 92' lang='lat' dir='ltr'><strong>ln</strong></span> <span class='ocrx_word' id='word_1_3' title='bbox 508 765 655 845; x_wconf 91' lang='lat' dir='ltr'><strong>edendo</strong></span> <span class='ocrx_word' id='word_1_4' title='bbox 683 790 801 870; x_wconf 90' lang='lat' dir='ltr'><strong>opere</strong></span> <span class='ocrx_word' id='word_1_5' title='bbox 829 763 946 842; x_wconf 90' lang='lat' dir='ltr'><strong>irater</strong></span> <span class='ocrx_word' id='word_1_6' title='bbox 977 789 1078 842; x_wconf 89' lang='lat' dir='ltr'><strong>meus</strong></span> <span class='ocrx_word' id='word_1_7' title='bbox 1110 763 1245 842; x_wconf 90' lang='lat' dir='ltr'><strong>Paulus</strong></span> <span class='ocrx_word' id='word_1_8' title='bbox 1274 763 1457 842; x_wconf 88' lang='lat' dir='ltr'><strong>Henricus</strong></span> <span class='ocrx_word' id='word_1_9' title='bbox 1487 763 1612 860; x_wconf 82' lang='lat' dir='ltr'><strong>Fuso,</strong></span> <span class='ocrx_word' id='word_1_10' title='bbox 1642 762 1869 844; x_wconf 75' lang='lat' dir='ltr'><strong>Academiae</strong></span> <span class='ocrx_word' id='word_1_11' title='bbox 1898 764 2134 844; x_wconf 81' lang='lat' dir='ltr'><strong>scientiarum</strong></span> <span class='ocrx_word' id='word_1_12' title='bbox 2165 763 2349 874; x_wconf 89' lang='lat' dir='ltr'><strong>Petropo·</strong></span> 
     </span>
     <span class='ocr_line' id='line_1_3' title="bbox 329 941 2348 1046; baseline 0.002 -26"><span class='ocrx_word' id='word_1_13' title='bbox 329 943 467 1022; x_wconf 89' lang='lat' dir='ltr'><strong>litanae</strong></span> <span class='ocrx_word' id='word_1_14' title='bbox 495 944 720 1022; x_wconf 79' lang='lat' dir='ltr'><strong>secretarius</strong></span> <span class='ocrx_word' id='word_1_15' title='bbox 749 953 974 1046; x_wconf 89' lang='lat' dir='ltr'><strong>perpetuus,</strong></span> <span class='ocrx_word' id='word_1_16' title='bbox 1012 954 1124 1043; x_wconf 85' lang='lat' dir='ltr'><strong>atque</strong></span> <span class='ocrx_word' id='word_1_17' title='bbox 1158 965 1226 1042; x_wconf 88' lang='lat' dir='ltr'><strong>ego</strong></span> <span class='ocrx_word' id='word_1_18' title='bbox 1260 943 1398 1018; x_wconf 86' lang='lat' dir='ltr'><strong>versati</strong></span> <span class='ocrx_word' id='word_1_19' title='bbox 1432 966 1570 1030; x_wconf 80' lang='lat' dir='ltr'><strong>sumus.</strong></span> <span class='ocrx_word' id='word_1_20' title='bbox 1620 941 1741 1036; x_wconf 88' lang='lat' dir='ltr'><strong>Ouum</strong></span> <span class='ocrx_word' id='word_1_21' title='bbox 1774 941 1854 1044; x_wconf 86' lang='lat' dir='ltr'><strong>jam</strong></span> <span class='ocrx_word' id='word_1_22' title='bbox 1890 943 1924 1018; x_wconf 94' lang='lat' dir='ltr'><strong>in</strong></span> <span class='ocrx_word' id='word_1_23' title='bbox 1954 967 2000 1021; x_wconf 90' lang='lat' dir='ltr'><strong>eo</strong></span> <span class='ocrx_word' id='word_1_24' title='bbox 2028 957 2129 1022; x_wconf 90' lang='lat' dir='ltr'><strong>esset</strong></span> <span class='ocrx_word' id='word_1_25' title='bbox 2157 956 2196 1022; x_wconf 95' lang='lat' dir='ltr'><strong>ut</strong></span> <span class='ocrx_word' id='word_1_26' title='bbox 2225 959 2348 1025; x_wconf 90' lang='lat' dir='ltr'><strong>tomus</strong></span> 
     </span>
     <span class='ocr_line' id='line_1_4' title="bbox 328 1116 2346 1225; baseline 0 -27"><span class='ocrx_word' id='word_1_27' title='bbox 328 1122 429 1224; x_wconf 92' lang='lat' dir='ltr'><strong>prior</strong></span> <span class='ocrx_word' id='word_1_28' title='bbox 457 1122 601 1224; x_wconf 89' lang='lat' dir='ltr'><strong>prelum</strong></span> <span class='ocrx_word' id='word_1_29' title='bbox 630 1121 874 1223; x_wconf 88' lang='lat' dir='ltr'><strong>relinqueret,</strong></span> <span class='ocrx_word' id='word_1_30' title='bbox 904 1118 1020 1196; x_wconf 85' lang='lat' dir='ltr'><strong>frater</strong></span> <span class='ocrx_word' id='word_1_31' title='bbox 1050 1143 1154 1197; x_wconf 93' lang='lat' dir='ltr'><strong>meus</strong></span> <span class='ocrx_word' id='word_1_32' title='bbox 1184 1129 1422 1220; x_wconf 85' lang='lat' dir='ltr'><strong>praematura</strong></span> <span class='ocrx_word' id='word_1_33' title='bbox 1451 1133 1574 1196; x_wconf 86' lang='lat' dir='ltr'><strong>morte</strong></span> <span class='ocrx_word' id='word_1_34' title='bbox 1603 1119 1748 1213; x_wconf 88' lang='lat' dir='ltr'><strong>litteris,</strong></span> <span class='ocrx_word' id='word_1_35' title='bbox 1778 1116 1900 1197; x_wconf 88' lang='lat' dir='ltr'><strong>officio</strong></span> <span class='ocrx_word' id='word_1_36' title='bbox 1928 1131 1967 1198; x_wconf 89' lang='lat' dir='ltr'><strong>et</strong></span> <span class='ocrx_word' id='word_1_37' title='bbox 1996 1121 2069 1196; x_wconf 92' lang='lat' dir='ltr'><strong>suis</strong></span> <span class='ocrx_word' id='word_1_38' title='bbox 2097 1135 2249 1225; x_wconf 87' lang='lat' dir='ltr'><strong>ereptus</strong></span> <span class='ocrx_word' id='word_1_39' title='bbox 2277 1136 2346 1200; x_wconf 87' lang='lat' dir='ltr'><strong>est.</strong></span> 
     </span>
    </p>
   </div>
   <div class='ocr_carea' id='block_1_3' title="bbox 437 1291 2345 1400">
    <p class='ocr_par' dir='ltr' id='par_1_3' title="bbox 437 1291 2345 1400">
     <span class='ocr_line' id='line_1_5' title="bbox 437 1291 2345 1400; baseline -0.002 -24"><span class='ocrx_word' id='word_1_40' title='bbox 437 1299 573 1398; x_wconf 77' lang='lat' dir='ltr'><strong>Paulus</strong></span> <span class='ocrx_word' id='word_1_41' title='bbox 601 1297 787 1376; x_wconf 89' lang='lat' dir='ltr'><strong>Henricus</strong></span> <span class='ocrx_word' id='word_1_42' title='bbox 816 1295 921 1373; x_wconf 89' lang='lat' dir='ltr'><strong>Fuss</strong></span> <span class='ocrx_word' id='word_1_43' title='bbox 959 1295 1018 1373; x_wconf 93' lang='lat' dir='ltr'><strong>die</strong></span> <span class='ocrx_word' id='word_1_44' title='bbox 1050 1293 1133 1372; x_wconf 71' lang='lat' dir='ltr'><strong>lll³¹⁰</strong></span> <span class='ocrx_word' id='word_1_45' title='bbox 1159 1291 1323 1371; x_wconf 75' lang='lat' dir='ltr'><strong>ianuarii</strong></span> <span class='ocrx_word' id='word_1_46' title='bbox 1352 1319 1450 1372; x_wconf 89' lang='lat' dir='ltr'><strong>anno</strong></span> <span class='ocrx_word' id='word_1_47' title='bbox 1485 1293 1606 1390; x_wconf 82' lang='lat'><strong>1855,</strong></span> <span class='ocrx_word' id='word_1_48' title='bbox 1644 1293 1778 1372; x_wconf 87' lang='lat' dir='ltr'><strong>aetatis</strong></span> <span class='ocrx_word' id='word_1_49' title='bbox 1807 1293 1905 1389; x_wconf 76' lang='lat'><strong>56&#39;”⁰‚</strong></span> <span class='ocrx_word' id='word_1_50' title='bbox 1939 1295 2040 1399; x_wconf 84' lang='lat' dir='ltr'><strong>gravi</strong></span> <span class='ocrx_word' id='word_1_51' title='bbox 2081 1297 2235 1394; x_wconf 90' lang='lat' dir='ltr'><strong>morbo,</strong></span> <span class='ocrx_word' id='word_1_52' title='bbox 2272 1323 2345 1400; x_wconf 90' lang='lat' dir='ltr'><strong>quo</strong></span> 
     </span>
    </p>
   </div>
   <div class='ocr_carea' id='block_1_4' title="bbox 328 1453 2346 1740">
    <p class='ocr_par' dir='ltr' id='par_1_4' title="bbox 328 1453 2346 1740">
     <span class='ocr_line' id='line_1_6' title="bbox 328 1453 2344 1560; baseline 0 -25"><span class='ocrx_word' id='word_1_53' title='bbox 328 1483 397 1560; x_wconf 92' lang='lat' dir='ltr'><strong>per</strong></span> <span class='ocrx_word' id='word_1_54' title='bbox 425 1483 490 1535; x_wconf 87' lang='lat' dir='ltr'><strong>sex</strong></span> <span class='ocrx_word' id='word_1_55' title='bbox 520 1481 667 1535; x_wconf 82' lang='lat' dir='ltr'><strong>menses</strong></span> <span class='ocrx_word' id='word_1_56' title='bbox 699 1459 893 1535; x_wconf 88' lang='lat' dir='ltr'><strong>continuos</strong></span> <span class='ocrx_word' id='word_1_57' title='bbox 922 1455 1181 1551; x_wconf 80' lang='lat' dir='ltr'><strong>laboraverat,</strong></span> <span class='ocrx_word' id='word_1_58' title='bbox 1220 1453 1423 1532; x_wconf 86' lang='lat' dir='ltr'><strong>succubuit.</strong></span> <span class='ocrx_word' id='word_1_59' title='bbox 1471 1453 1650 1534; x_wconf 87' lang='lat' dir='ltr'><strong>Gesserat</strong></span> <span class='ocrx_word' id='word_1_60' title='bbox 1684 1479 1752 1558; x_wconf 86' lang='lat' dir='ltr'><strong>per</strong></span> <span class='ocrx_word' id='word_1_61' title='bbox 1784 1455 1835 1534; x_wconf 68' lang='lat'><strong>29</strong></span> <span class='ocrx_word' id='word_1_62' title='bbox 1863 1479 1979 1532; x_wconf 91' lang='lat' dir='ltr'><strong>annos</strong></span> <span class='ocrx_word' id='word_1_63' title='bbox 2007 1457 2127 1534; x_wconf 92' lang='lat' dir='ltr'><strong>studio</strong></span> <span class='ocrx_word' id='word_1_64' title='bbox 2160 1456 2344 1535; x_wconf 85' lang='lat' dir='ltr'><strong>indefesso</strong></span> 
     </span>
     <span class='ocr_line' id='line_1_7' title="bbox 328 1631 2346 1740; baseline 0.001 -28"><span class='ocrx_word' id='word_1_65' title='bbox 328 1660 460 1712; x_wconf 91' lang='lat' dir='ltr'><strong>munus</strong></span> <span class='ocrx_word' id='word_1_66' title='bbox 488 1633 574 1710; x_wconf 93' lang='lat' dir='ltr'><strong>illud</strong></span> <span class='ocrx_word' id='word_1_67' title='bbox 603 1633 856 1738; x_wconf 89' lang='lat' dir='ltr'><strong>gravissimum</strong></span> <span class='ocrx_word' id='word_1_68' title='bbox 887 1631 1057 1734; x_wconf 89' lang='lat' dir='ltr'><strong>perpetui</strong></span> <span class='ocrx_word' id='word_1_69' title='bbox 1091 1634 1317 1710; x_wconf 82' lang='lat' dir='ltr'><strong>Academiae</strong></span> <span class='ocrx_word' id='word_1_70' title='bbox 1338 1634 1559 1732; x_wconf 76' lang='lat' dir='ltr'><strong>secretarii3</strong></span> <span class='ocrx_word' id='word_1_71' title='bbox 1596 1635 1708 1712; x_wconf 89' lang='lat' dir='ltr'><strong>rebus</strong></span> <span class='ocrx_word' id='word_1_72' title='bbox 1737 1633 1964 1714; x_wconf 80' lang='lat' dir='ltr'><strong>Academiae</strong></span> <span class='ocrx_word' id='word_1_73' title='bbox 1994 1636 2278 1740; x_wconf 86' lang='lat' dir='ltr'><strong>prudentissime</strong></span> <span class='ocrx_word' id='word_1_74' title='bbox 2307 1651 2346 1716; x_wconf 90' lang='lat' dir='ltr'><strong>et</strong></span> 
     </span>
    </p>
   </div>
   <div class='ocr_carea' id='block_1_5' title="bbox 330 1805 2342 1915">
    <p class='ocr_par' dir='ltr' id='par_1_5' title="bbox 330 1805 2342 1915">
     <span class='ocr_line' id='line_1_8' title="bbox 330 1805 2342 1915; baseline 0.003 -29"><span class='ocrx_word' id='word_1_75' title='bbox 330 1811 580 1914; x_wconf 82' lang='lat' dir='ltr'><strong>impigerrime</strong></span> <span class='ocrx_word' id='word_1_76' title='bbox 619 1807 845 1888; x_wconf 91' lang='lat' dir='ltr'><strong>consulendo</strong></span> <span class='ocrx_word' id='word_1_77' title='bbox 883 1805 1030 1884; x_wconf 92' lang='lat' dir='ltr'><strong>laudem</strong></span> <span class='ocrx_word' id='word_1_78' title='bbox 1069 1818 1108 1882; x_wconf 88' lang='lat' dir='ltr'><strong>et</strong></span> <span class='ocrx_word' id='word_1_79' title='bbox 1143 1807 1299 1910; x_wconf 87' lang='lat' dir='ltr'><strong>gratiam</strong></span> <span class='ocrx_word' id='word_1_80' title='bbox 1338 1808 1518 1889; x_wconf 90' lang='lat' dir='ltr'><strong>sodalium</strong></span> <span class='ocrx_word' id='word_1_81' title='bbox 1556 1811 1627 1888; x_wconf 90' lang='lat' dir='ltr'><strong>sibi</strong></span> <span class='ocrx_word' id='word_1_82' title='bbox 1665 1825 1962 1915; x_wconf 89' lang='lat' dir='ltr'><strong>comparaverat.</strong></span> <span class='ocrx_word' id='word_1_83' title='bbox 2010 1812 2053 1890; x_wconf 94' lang='lat' dir='ltr'><strong>ln</strong></span> <span class='ocrx_word' id='word_1_84' title='bbox 2091 1815 2342 1892; x_wconf 89' lang='lat' dir='ltr'><strong>testimonium</strong></span> 
     </span>
    </p>
   </div>
   <div class='ocr_carea' id='block_1_6' title="bbox 326 1981 2343 2094">
    <p class='ocr_par' dir='ltr' id='par_1_6' title="bbox 326 1981 2343 2094">
     <span class='ocr_line' id='line_1_9' title="bbox 326 1981 2343 2094; baseline 0.003 -33"><span class='ocrx_word' id='word_1_85' title='bbox 326 1987 420 2088; x_wconf 87' lang='lat' dir='ltr'><strong>grati</strong></span> <span class='ocrx_word' id='word_1_86' title='bbox 448 1987 559 2063; x_wconf 87' lang='lat' dir='ltr'><strong>animi</strong></span> <span class='ocrx_word' id='word_1_87' title='bbox 588 1986 755 2087; x_wconf 79' lang='lat' dir='ltr'><strong>collegae</strong></span> <span class='ocrx_word' id='word_1_88' title='bbox 785 1983 980 2061; x_wconf 86' lang='lat' dir='ltr'><strong>voluerunt</strong></span> <span class='ocrx_word' id='word_1_89' title='bbox 1015 1981 1209 2084; x_wconf 83' lang='lat' dir='ltr'><strong>imaginem</strong></span> <span class='ocrx_word' id='word_1_90' title='bbox 1249 1981 1411 2062; x_wconf 82' lang='lat' dir='ltr'><strong>defuncti</strong></span> <span class='ocrx_word' id='word_1_91' title='bbox 1439 1996 1542 2063; x_wconf 92' lang='lat' dir='ltr'><strong>tomo</strong></span> <span class='ocrx_word' id='word_1_92' title='bbox 1574 1986 1682 2064; x_wconf 92' lang='lat' dir='ltr'><strong>alteri</strong></span> <span class='ocrx_word' id='word_1_93' title='bbox 1718 1987 1842 2090; x_wconf 91' lang='lat' dir='ltr'><strong>operis</strong></span> <span class='ocrx_word' id='word_1_94' title='bbox 1878 1991 1994 2068; x_wconf 92' lang='lat' dir='ltr'><strong>nostri</strong></span> <span class='ocrx_word' id='word_1_95' title='bbox 2026 1989 2201 2094; x_wconf 88' lang='lat' dir='ltr'><strong>praeligi;</strong></span> <span class='ocrx_word' id='word_1_96' title='bbox 2238 1995 2343 2094; x_wconf 86' lang='lat' dir='ltr'><strong>cujus</strong></span> 
     </span>
    </p>
   </div>
   <div class='ocr_carea' id='block_1_7' title="bbox 326 2156 2343 2444">
    <p class='ocr_par' dir='ltr' id='par_1_7' title="bbox 326 2156 2343 2444">
     <span class='ocr_line' id='line_1_10' title="bbox 326 2156 2341 2266; baseline 0.002 -26"><span class='ocrx_word' id='word_1_97' title='bbox 326 2163 545 2265; x_wconf 90' lang='lat' dir='ltr'><strong>adspectum</strong></span> <span class='ocrx_word' id='word_1_98' title='bbox 576 2186 770 2265; x_wconf 88' lang='lat' dir='ltr'><strong>speramus</strong></span> <span class='ocrx_word' id='word_1_99' title='bbox 802 2158 1108 2263; x_wconf 89' lang='lat' dir='ltr'><strong>jucundissimum</strong></span> <span class='ocrx_word' id='word_1_100' title='bbox 1142 2156 1223 2236; x_wconf 91' lang='lat' dir='ltr'><strong>lore</strong></span> <span class='ocrx_word' id='word_1_101' title='bbox 1256 2160 1423 2262; x_wconf 91' lang='lat' dir='ltr'><strong>plurimis</strong></span> <span class='ocrx_word' id='word_1_102' title='bbox 1455 2163 1516 2266; x_wconf 92' lang='lat' dir='ltr'><strong>qui</strong></span> <span class='ocrx_word' id='word_1_103' title='bbox 1549 2165 1769 2242; x_wconf 89' lang='lat' dir='ltr'><strong>memoriam</strong></span> <span class='ocrx_word' id='word_1_104' title='bbox 1798 2162 1922 2242; x_wconf 80' lang='lat' dir='ltr'><strong>fratris</strong></span> <span class='ocrx_word' id='word_1_105' title='bbox 1950 2165 2176 2244; x_wconf 86' lang='lat' dir='ltr'><strong>dilectissimi</strong></span> <span class='ocrx_word' id='word_1_106' title='bbox 2203 2167 2341 2244; x_wconf 89' lang='lat' dir='ltr'><strong>colunt.</strong></span> 
     </span>
     <span class='ocr_line' id='line_1_11' title="bbox 434 2333 2343 2444; baseline 0.001 -27"><span class='ocrx_word' id='word_1_107' title='bbox 434 2337 527 2417; x_wconf 87' lang='lat' dir='ltr'><strong>Mihi</strong></span> <span class='ocrx_word' id='word_1_108' title='bbox 556 2337 743 2441; x_wconf 89' lang='lat' dir='ltr'><strong>superstiti</strong></span> <span class='ocrx_word' id='word_1_109' title='bbox 772 2337 913 2440; x_wconf 87' lang='lat' dir='ltr'><strong>petenti</strong></span> <span class='ocrx_word' id='word_1_110' title='bbox 942 2333 1131 2411; x_wconf 86' lang='lat' dir='ltr'><strong>mandavit</strong></span> <span class='ocrx_word' id='word_1_111' title='bbox 1160 2334 1379 2430; x_wconf 90' lang='lat' dir='ltr'><strong>Academia,</strong></span> <span class='ocrx_word' id='word_1_112' title='bbox 1409 2349 1448 2414; x_wconf 91' lang='lat' dir='ltr'><strong>ut</strong></span> <span class='ocrx_word' id='word_1_113' title='bbox 1474 2337 1674 2417; x_wconf 87' lang='lat' dir='ltr'><strong>editionem</strong></span> <span class='ocrx_word' id='word_1_114' title='bbox 1704 2341 1829 2443; x_wconf 91' lang='lat' dir='ltr'><strong>operis</strong></span> <span class='ocrx_word' id='word_1_115' title='bbox 1857 2340 1903 2418; x_wconf 91' lang='lat' dir='ltr'><strong>ad</strong></span> <span class='ocrx_word' id='word_1_116' title='bbox 1932 2339 2042 2419; x_wconf 88' lang='lat' dir='ltr'><strong>finem</strong></span> <span class='ocrx_word' id='word_1_117' title='bbox 2073 2341 2343 2444; x_wconf 67' lang='lat' dir='ltr'><strong>perducerem</strong></span> 
     </span>
    </p>
   </div>
   <div class='ocr_carea' id='block_1_8' title="bbox 328 2511 2147 2619">
    <p class='ocr_par' dir='ltr' id='par_1_8' title="bbox 328 2511 2147 2619">
     <span class='ocr_line' id='line_1_12' title="bbox 328 2511 2147 2619; baseline 0.002 -28"><span class='ocrx_word' id='word_1_118' title='bbox 328 2540 448 2618; x_wconf 90' lang='lat' dir='ltr'><strong>neque</strong></span> <span class='ocrx_word' id='word_1_119' title='bbox 477 2540 547 2619; x_wconf 87' lang='lat' dir='ltr'><strong>ego</strong></span> <span class='ocrx_word' id='word_1_120' title='bbox 575 2516 694 2593; x_wconf 92' lang='lat' dir='ltr'><strong>labori</strong></span> <span class='ocrx_word' id='word_1_121' title='bbox 722 2513 876 2619; x_wconf 89' lang='lat' dir='ltr'><strong>peperci</strong></span> <span class='ocrx_word' id='word_1_122' title='bbox 904 2511 952 2590; x_wconf 93' lang='lat' dir='ltr'><strong>ad</strong></span> <span class='ocrx_word' id='word_1_123' title='bbox 981 2535 1062 2588; x_wconf 89' lang='lat' dir='ltr'><strong>rem</strong></span> <span class='ocrx_word' id='word_1_124' title='bbox 1093 2536 1137 2589; x_wconf 91' lang='lat' dir='ltr'><strong>ea</strong></span> <span class='ocrx_word' id='word_1_125' title='bbox 1165 2535 1237 2614; x_wconf 88' lang='lat' dir='ltr'><strong>qua</strong></span> <span class='ocrx_word' id='word_1_126' title='bbox 1269 2537 1337 2616; x_wconf 92' lang='lat' dir='ltr'><strong>par</strong></span> <span class='ocrx_word' id='word_1_127' title='bbox 1365 2527 1448 2592; x_wconf 92' lang='lat' dir='ltr'><strong>erat</strong></span> <span class='ocrx_word' id='word_1_128' title='bbox 1475 2513 1547 2593; x_wconf 88' lang='lat' dir='ltr'><strong>fide</strong></span> <span class='ocrx_word' id='word_1_129' title='bbox 1576 2541 1620 2593; x_wconf 92' lang='lat' dir='ltr'><strong>ac</strong></span> <span class='ocrx_word' id='word_1_130' title='bbox 1648 2514 1834 2619; x_wconf 88' lang='lat' dir='ltr'><strong>diligentia</strong></span> <span class='ocrx_word' id='word_1_131' title='bbox 1864 2517 2147 2596; x_wconf 87' lang='lat' dir='ltr'><strong>absolvendam.</strong></span> 
     </span>
    </p>
   </div>
   <div class='ocr_carea' id='block_1_9' title="bbox 1743 3253 2126 3352">
    <p class='ocr_par' dir='ltr' id='par_1_9' title="bbox 1743 3253 2126 3352">
     <span class='ocr_line' id='line_1_13' title="bbox 1743 3253 2126 3352; baseline -0.005 0"><span class='ocrx_word' id='word_1_132' title='bbox 1743 3255 1966 3352; x_wconf 73' lang='lat' dir='ltr'><strong>Nicolaum</strong></span> <span class='ocrx_word' id='word_1_133' title='bbox 2001 3253 2126 3352; x_wconf 73' lang='lat' dir='ltr'><strong>Fusa.</strong></span> 
     </span>
    </p>
   </div>
   <div class='ocr_carea' id='block_1_10' title="bbox 0 0 2600 7066">
    <p class='ocr_par' dir='ltr' id='par_1_10' title="bbox 0 0 2600 7066">
     <span class='ocr_line' id='line_1_14' title="bbox 0 0 2600 7066; baseline 0 0"><span class='ocrx_word' id='word_1_134' title='bbox 0 0 2600 7066; x_wconf 95' lang='lat' dir='ltr'><strong> </strong></span> 
     </span>
    </p>
   </div>
  </div>
 </body>
</html>
