5198 7072
433 561 529 656 'aas
1073 549 1120 652 ἰ.
1151 567 1366 654 suenni
1397 571 1566 656 ornus
1596 569 1883 656 rosruuua.
2312 603 2448 688 rapa,

445 801 558 865 autern
584 789 627 864 ad
654 811 813 885 praesens
841 791 1035 864 institutum
1058 801 1213 864 nocuum
1237 783 1389 864 sufficiat
1414 793 1617 888 positionem
1642 793 1814 888 tangentia
1838 789 2091 880 determinasse,
2115 803 2230 868 tamen
2249 795 2314 869 levi
2334 805 2461 895 negou‘n

447 955 485 1004 ea
511 953 645 1028 quoque
671 930 855 1026 hyperbcla
881 933 1044 1028 assignari
1070 941 1198 1027 potest,
1224 927 1392 1025 adquam
1418 941 1538 1004 natura
1562 936 1644 1006 rami
1670 955 1796 1006 curvae
1823 935 1980 1028 proxime,
1996 931 2148 1006 accedat
2192 934 2359 1010 Ponamua
2381 941 2462 1013 enim

447 1072 502 1146 vel
528 1095 566 1144 er
591 1067 696 1169 prima
722 1072 923 1168 aequatione
947 1075 1036 1144 inter
1061 1095 1089 1144 e
1114 1081 1150 1143 et
1170 1095 1208 1164 γ,
1236 1072 1290 1143 vel
1317 1093 1356 1144 ex
1375 1071 1447 1168 jam
1474 1075 1648 1146 immutata
1674 1039 1805 1146 intert
1827 1083 1863 1146 et
1887 1095 1910 1144 u
1936 1071 2098 1168 prodiisse
2128 1097 2189 1170 pro
2213 1100 2298 1150 casu
2322 1103 2462 1155 m=00

364 1307 367 1318 ἱ
449 1215 503 1286 vel
528 1228 665 1286 1:00
685 1213 779 1286 *banc
804 1215 1040 1308 aequationem
1062 1237 1090 1305 γ
1112 1213 1165 1285 vel
1190 1231 1325 1300 rra-rr,
1356 1224 1430 1284 tum
1461 1214 1545 1286 baec
1576 1217 1648 1310 ipsa
1672 1225 1765 1286 recta
1790 1213 1834 1286 ab
1856 1235 1917 1286 aar
1942 1216 2124 1288 intervallo
2146 1239 2231 1290 =n
2254 1219 2383 1297 dietam
2406 1249 2462 1322 pro
2585 1217 2587 1236 ¹

448 1379 540 1448 novo
564 1378 624 1428 are
649 1364 856 1440 assumatur,
888 1352 1116 1444 statuendos
1143 1355 1195 1426 vel
1222 1377 1402 1426 u=a÷
1418 1377 1454 1442 v,
1491 1357 1606 1452 sieque
1635 1353 1845 1430 obtinebitur
1875 1377 1961 1428 nova
1992 1360 2149 1452 aequatio
2176 1361 2265 1432 inter
2289 1359 2462 1434 abscissam
2585 1371 2587 1448 l

447 1519 475 1566 c
498 1517 560 1568 aen
585 1507 599 1566 t
622 1506 658 1566 et
681 1494 883 1589 applicatam
906 1516 939 1580 v,
967 1515 1052 1588 quae
1083 1491 1127 1574 ad
1142 1493 1505 1588 ‚parallelogrammum
1531 1491 1674 1567 reducta
1700 1493 1793 1568 bunc
1818 1515 1944 1568 curvae
1968 1518 2100 1568 ramum
2125 1519 2184 1592 per
2208 1500 2311 1571 situm
2334 1501 2464 1594 regulae

447 1659 466 1708 a
493 1635 611 1710 dextra
634 1635 676 1708 ad
696 1637 864 1707 sinistram
886 1656 1020 1732 seusam
1039 1639 1212 1732 vergentis
1238 1636 1344 1708 veluti
1370 1634 1430 1706 Klr
1448 1658 1508 1708 sen
1529 1633 1581 1708 Ll
1605 1635 1786 1725 exhibebit,
1811 1660 1850 1708 er
1875 1659 1944 1733 quo
1970 1659 2039 1710 non
2057 1642 2167 1712 solum
2187 1640 2361 1712 constabit
2378 1640 2462 1716 bunc

447 1801 573 1850 novum
598 1799 692 1847 axem
718 1777 826 1872 ipsum
852 1797 925 1846 esse
951 1797 1076 1848 curvae
1102 1786 1310 1868 asymtoton,
1342 1774 1403 1848 aed
1433 1778 1535 1848 etiam
1561 1777 1679 1872 regula
1712 1779 1945 1874 aequationem
1971 1797 2032 1870 pro
2055 1773 2240 1870 hyperbole
2265 1773 2324 1847 illa
2347 1797 2464 1872 suppe-

449 1916 585 2004 ditabit,
624 1939 710 2011 quae
740 1927 895 1986 naturam
927 1919 1009 1996 rami
1039 1939 1164 1988 curvae
1197 1920 1232 1988 in
1262 1909 1431 1990 infinitum
1464 1920 1673 1990 excurrentis
1702 1917 1907 2006 continebit,
1944 1881 2229 2014 quemadmodum
2262 1922 2335 2018 jam
2372 1944 2463 2016 supra
2585 1951 2587 2024 ,

446 2053 468 2157 §
494 2063 535 2130 tr
566 2057 812 2130 annotavimus.
845 2059 1002 2154 ·llocque
1028 2082 1112 2154 ergo
1142 2058 1243 2131 modo
1274 2079 1391 2132 omnes
1421 2081 1542 2132 curvae
1567 2059 1649 2132 rami
1676 2058 1720 2132 ad
1745 2059 1926 2133 abscissam
1951 2053 2119 2134 infinitam
2143 2059 2241 2132 relati
2267 2080 2339 2130 nnn
2364 2057 2463 2130 solum
2585 2075 2587 2084 ’

446 2192 674 2285 invenientur,
704 2196 764 2270 sed
790 2201 891 2270 etiam
916 2199 1095 2294 parabolae
1119 2199 1174 2274 vel
1197 2198 1416 2294 hyperbolae,
1449 2221 1535 2296 quaa
1560 2203 1707 2296 proxime
1731 2199 1775 2276 ad
1799 2222 1918 2274 eorum
1944 2211 2099 2274 naturam
2122 2197 2305 2288 accedant,
2334 2196 2465 2272 indicari
2585 2213 2587 2222 ⁴

446 2350 604 2436 ponunt,

550 2527 609 2596 t5.
659 2523 743 2597 Cum
768 2526 874 2620 igitur
898 2527 1100 2620 aequatione
1126 2483 1325 2622 qumunqno
1350 2529 1438 2598 inter
1469 2526 1685 2600 coordinatas
1710 2525 1952 2622 orthogonalea
1974 2549 2003 2600 ar
2025 2539 2061 2600 et
2081 2551 2109 2620 γ
2133 2528 2327 2624 proposita,
2354 2547 2464 2598 curvae
2585 2489 2587 2508 ¹

447 2686 510 2760 per
533 2685 607 2736 eam
621 2652 812 2776 'expressae
836 2673 1049 2754 catenatam
1074 2665 1115 2738 iis
1139 2667 1174 2736 in
1200 2665 1295 2752 locis,
1323 2687 1410 2762 quae
1429 2665 1599 2742 abscissae
1617 2666 1742 2756 oe=0,
1768 2689 1867 2762 quam
1887 2669 1921 2740 in
1945 2669 1997 2755 iia,
2023 2689 2109 2763 quae
2133 2666 2300 2740 abscissae
2321 2659 2463 2740 infinitae

447 2804 670 2917 respondent,
711 2800 845 2888 definiri
875 2817 994 2902 queat,
1031 2803 1246 2904 manifestum
1276 2820 1343 2899 est,
1380 2807 1629 2884 commutandis
1654 2809 1708 2882 bis
1733 2809 1957 2899 coordinatis,
1999 2832 2124 2884 curvae
2153 2820 2311 2882 naturam
2340 2831 2464 2904 quoque

448 2950 611 3040 cognosci
640 2969 736 3041 posse
762 2949 796 3018 in
821 2950 862 3019 iis
886 2946 987 3035 locis,
1020 2970 1107 3042 quae
1132 2949 1307 3044 applicatis
1321 2973 1355 3040 p
1379 2952 1433 3022 vel
1459 2949 1739 3022 evanescentibus
1763 2949 1818 3022 vel
1843 2952 1878 3020 in
1904 2945 2074 3022 infinitum
2104 2949 2309 3023 abeuntibus
2333 2971 2466 3046 respon·

448 3087 541 3161 dent.
591 3089 711 3185 Neque
736 3087 780 3160 ad
806 3089 872 3160 boc
898 3111 984 3182 opus
1008 3091 1084 3176 erit,
1109 3098 1149 3159 ut
1172 3110 1301 3160 novum
1326 3087 1676 3185 parallelogrammum
1701 3099 1930 3178 construatur,
1957 3113 2037 3162 cum
2062 3087 2161 3176 idem,
2189 3092 2226 3161 in
2250 3112 2322 3185 quo
2340 3091 2464 3162 termini

446 3233 657 3326 aequaticnis
682 3229 784 3302 modo
809 3241 887 3301 ante
911 3207 1060 3325 exposito
1085 3240 1163 3302 sunt
1187 3217 1358 3326 inscripti,
1396 3233 1496 3301 etiam
1528 3229 1660 3327 judicio
1696 3228 1740 3301 ad
1771 3227 1956 3326 applicatas
1986 3225 2275 3302 accommodando
2316 3229 2466 3301 inservire

397 3397 421 3443 r
438 3363 564 3466 possit.
615 3369 908 3456 Quemadmodum
933 3368 1144 3457 animante,
1169 3369 1226 3443 ubi
1242 3349 1397 3443 'decissa
1423 3383 1496 3444 erat
1521 3373 1692 3466 proposita
1720 3368 1812 3470 (Fig.
1833 3369 1915 3468 tt),
1945 3367 2052 3442 latera
2077 3369 2382 3467 parallelogrammi
2408 3367 2464 3456 ΡΟ
2586 3423 2587 3426 ,

447 3525 482 3584 et
506 3511 565 3584 SR
590 3523 685 3584 erant
708 3523 869 3608 tanquam
895 3491 1066 3584 horizonti
1091 3487 1249 3606 parallela
1274 3522 1435 3606 spectata,
1462 3513 1507 3584 ita
1527 3535 1632 3595 nuuc,
1656 3515 1827 3608 proposita
1845 3511 2011 3606 applicata
2028 3509 2145 3598 altera,
2166 3511 2271 3583 latera
2289 3511 2354 3584 PS
2366 3511 2463 3600 ethl

449 3653 552 3724 situm
575 3651 820 3726 horizontalem
844 3675 1014 3748 occupare
1040 3663 1120 3723 sunt
1143 3649 1373 3740 existimanda,
1397 3663 1499 3748 atque
1524 3654 1643 3750 plagae
1668 3651 1825 3724 laterales
1849 3649 1966 3724 dextra
1993 3663 2028 3723 et
2051 3652 2185 3724 sinistra
2209 3654 2299 3724 inter
2324 3675 2361 3724 se
2378 3674 2464 3725 com·

451 3792 645 3880 mutandae,
667 3817 734 3890 quo
760 3791 852 3868 sacto
877 3792 1014 3866 eaedem
1040 3792 1290 3880 conclusiones,
1317 3815 1402 3886 quae
1424 3805 1502 3864 ante
1527 3816 1567 3864 ex
1593 3797 1662 3867 situ
1686 3793 1823 3888 regulae
1847 3813 1911 3888 pro
1935 3791 2083 3865 abscissa
2103 3791 2157 3864 vel
2175 3805 2397 3865 evanescente
2414 3793 2462 3866 vel

449 3929 584 4006 infinita
609 3945 690 4006 suut
714 3901 903 4020 derivatae,
927 3929 1052 4055 'iisdem
1072 3897 1194 4008 'verbis
1217 3910 1358 4006 retentis
1381 3957 1443 4030 pro
1474 3934 1643 4030 applicata
1668 3935 1722 4007 vel
1748 3924 1973 4006 evanescente
1992 3930 2048 4006 ¹vel
2071 3936 2106 4006 in
2131 3927 2302 4006 infinitum
2328 3935 2463 4008 abeunte

446 4073 617 4148 valebunt.
1110 4073 1114 4084 '
1145 4071 1148 4079 '
1333 4065 1348 4080 ”
1827 4059 1841 4080 ’

548 4263 605 4330 tt.
656 4214 753 4331 Hine
767 4261 873 4355 igitur
897 4262 1109 4356 perspicuum
1136 4271 1191 4332 est
1215 4259 1354 4369 eandem
1380 4217 1682 4363 parallelogrammi
1707 4253 1856 4357 figuram
1881 4257 1926 4332 ad
1946 4259 2077 4358 judicia
2095 4271 2164 4333 tam
2183 4285 2245 4358 pro
2262 4263 2410 4338 abscissa
2427 4286 2461 4350 c,

448 4403 496 4472 uti
522 4399 689 4474 hactenus
715 4397 869 4488 lecimus,
895 4425 995 4496 quarn
1023 4424 1085 4497 pro
1110 4377 1276 4498 applicata
1297 4427 1324 4494 γ
1347 4404 1500 4474 adbiberi
1528 4425 1636 4498 posse.
1688 4402 1798 4490 Quare
1823 4405 1849 4474 si
1876 4414 2059 4500 utrumqne
2072 4401 2242 4500 judicium
2260 4405 2460 4507 conjunctim

448 4543 627 4612 instituere
656 4541 809 4629 velimus,
837 4543 989 4635 regulam
1016 4546 1182 4616 continuo
1205 4542 1248 4614 ad
1273 4543 1370 4642 binos
1394 4545 1559 4615 terminos
1584 4539 1716 4649 figurae
1741 4543 1882 4614 extimos
1906 4544 1952 4614 ita
1977 4543 2135 4638 applicari
2156 4554 2302 4640 oportet,
2330 4556 2370 4618 nt
2388 4545 2461 4618 nulb

447 4683 585 4752 termini
611 4691 705 4752 extra
729 4661 956 4776 promineant,
986 4671 1335 4778 'quemadmodum'in
1358 4677 1469 4780 figura
1497 4681 1611 4756 videre
1636 4683 1733 4770 licet,
1772 4684 1830 4756 ubi
1862 4683 1968 4756 lineae
1998 4681 2075 4770 An,
2103 4684 2176 4772 Bb,
2203 4685 2266 4774 Cc,
2293 4685 2372 4775 Dd,
2401 4687 2459 4773 Et,

448 4816 508 4910 Ff,
538 4819 612 4918 Gy,
639 4819 718 4910 Hb,
744 4824 797 4910 Ji,
824 4821 897 4910 Ka,
925 4823 976 4895 Ll
1001 4835 1037 4895 et
1065 4827 1137 4897 Mna
1161 4815 1224 4896 bas
1250 4823 1388 4919 regulae
1414 4825 1600 4920 positiones
1628 4823 1798 4912 indicant,
1830 4826 1866 4896 in
1896 4824 2017 4919 quibus
2048 4849 2181 4914 omnes,
2212 4850 2299 4922 quae
2331 4825 2459 4923 quidem

448 4984 633 5034 occurrere
659 4972 813 5056 possunt,
839 4965 1067 5038 continentur.
1120 4963 1249 5049 Harum
1274 4967 1363 5035 enim
1387 4977 1469 5036 sunt
1499 4977 1647 5060 quatuor
1673 4965 1834 5038 lateribus
1858 4965 2160 5064 parallelogrammi
2186 4967 2378 5062 parallelae:
2406 4965 2460 5052 Cr,

446 5093 508 5192 Ff,
535 5099 591 5190 Ji,
619 5103 707 5190 Mm,
734 5103 884 5197 reliquae
904 5125 985 5176 vero
1006 5103 1059 5176 his
1083 5105 1170 5176 inter
1189 5106 1345 5202 jacentes
1363 5104 1529 5201 obliquae,
1556 5107 1645 5176 inter
1670 5073 1755 5201 quas
1782 5127 1884 5201 porro
1909 5106 1976 5179 boc
1999 5105 2179 5178 discrimen
2198 5117 2251 5179 est
2270 5107 2461 5189 nomadum,

377 5274 381 5280 ¹
446 5239 541 5339 quod
578 5243 661 5314 aliae
699 5265 778 5314 cum
816 5245 976 5316 lateribus
1012 5245 1281 5318 horizontalibus
1317 5247 1481 5341 angulum
1517 5249 1730 5318 semirectum
1768 5217 1997 5335 constituant,
2037 5247 2121 5319 aliae
2160 5247 2344 5346 majorem,
2382 5249 2458 5320 aliae

447 5387 611 5456 minorem
643 5387 840 5468 semirecto;
871 5383 1024 5457 videmus
1055 5389 1143 5457 enim
1170 5387 1212 5458 ab
1243 5385 1309 5460 boe
1339 5387 1533 5460 discrimine
1558 5381 1719 5460 'naturam
1750 5411 1873 5460 curvae
1904 5385 2086 5484 plurimum
2110 5389 2272 5485 pendere,
2302 5389 2458 5486 siquidem

446 5525 588 5598 cellulae
614 5524 916 5620 parallelogrammi
941 5527 1125 5623 quadratae
1150 5521 1356 5602 efficiantur.
1575 5491 1576 5496 Ἰ

396 5759 419 5802 r
547 5733 605 5804 ti.
657 5730 803 5806 Omnino
829 5754 913 5827 ergo
938 5733 1088 5806 sedecim
1113 5733 1266 5807 diversae
1291 5737 1429 5830 regulae
1449 5739 1632 5834 positiones
1652 5723 1832 5812 occurrere
1852 5748 2009 5834 possunt,
2034 5759 2117 5836 quas
2140 5729 2252 5833 figura
2273 5741 2318 5808 t'l
2334 5739 2457 5810 ratione

446 5870 671 5944 inclinationis
689 5895 807 5944 earum
825 5869 868 5944 ad
894 5874 999 5945 latera
1024 5873 1327 5970 parallelogrammi
1354 5887 1594 5977 repraesentat.
1617 5857 1830 5974 ,incipiendo
1849 5879 1979 5950 scilicet
1996 5876 2039 5950 ab
2058 5900 2110 5965 ea,
2130 5899 2216 5974 quae
2236 5876 2281 5950 ad
2299 5879 2457 5949 aniatraru

445 6022 498 6083 est
522 6012 822 6110 perpendicularis,
844 6026 883 6086 ut
906 6012 976 6088 AB
1000 6019 1035 6087 in
1061 6013 1137 6112 Fig.
1166 6019 1211 6087 t'i
1238 6027 1274 6088 et
1300 6019 1373 6115 Mor
1398 6015 1599 6114 infigit
1624 6029 1725 6116 atque
1750 6022 1930 6094 circuitum
1956 6041 2089 6107 sursum
2112 6017 2324 6095 dextrorsum
2347 6014 2457 6092 abaci·
2586 6091 2587 6094 ,

301 6155 305 6163 ’
444 6131 572 6242 vendo,
591 6153 661 6258 ¹bae
687 6155 832 6228 sedecim
858 6125 1053 6266 positiones
1069 6159 1115 6230 ita
1141 6155 1260 6230 ordine
1285 6157 1490 6256 procedent:
1805 6123 1809 6135 Ι
2585 6129 2587 6172 ³
