5166 7072
935 583 994 665 De
1016 589 1202 692 quodue
1229 579 1390 698 napata.
1584 593 1591 600 ’
1847 533 1852 540 ¹
2117 607 2192 690 rna

155 796 219 870 ubi
245 795 415 895 quaelibet
438 794 632 873 lesciense
657 821 726 870 nou
748 799 865 873 ambae
890 799 1276 896 diagonalcs--summam
1302 806 1388 880 dant
1414 811 1470 881 lb.
1508 807 1544 882 Si
1572 814 1702 888 valeres
1725 753 1918 892 litterarum
1939 847 1961 894 o
1985 835 2020 895 et
2045 826 2079 911 b,
2104 831 2185 900 item

153 961 179 1006 α
205 948 243 1011 et
267 943 299 1030 β
324 950 514 1036 permutare
537 939 695 1028 velimus,
723 934 824 1014 facile
850 941 1071 1036 intelligitur,
1102 943 1180 1016 inde
1205 957 1336 1018 tautum
1360 953 1464 1024 situm
1488 951 1643 1048 quadrati
1670 966 1835 1030 mutatum
1860 963 1913 1032 iri.

255 1097 278 1202 g
306 1107 362 1176 lt).
414 1101 506 1174 llaec
532 1101 670 1198 quidem
695 1102 872 1198 dispositio
897 1085 968 1176 tam
995 1105 1190 1202 latinarum,
1218 1129 1318 1202 quam
1342 1131 1542 1202 graecarum
1566 1113 1756 1188 litterarum
1782 1142 1842 1214 per
1867 1143 1903 1192 se
1928 1127 2009 1195 satis
2033 1138 2085 1199 est
2109 1153 2186 1225 por-

151 1247 290 1340 spicua,
327 1243 387 1316 sed
432 1235 650 1338 praecipuum
688 1255 895 1317 momentum
930 1247 965 1316 in
990 1244 1058 1318 hoc
1093 1254 1145 1316 est
1182 1251 1346 1342 positum,
1383 1260 1422 1320 ut
1451 1246 1542 1324 lacta
1572 1255 1838 1348 combinatione,
1868 1263 2021 1358 singulae
2052 1270 2184 1346 litterae

153 1385 281 1458 latinae
318 1408 397 1458 cum
433 1385 577 1480 siugulis
615 1387 746 1480 graecis
783 1387 1049 1484 conjungentur,
1086 1385 1121 1458 id
1152 1388 1245 1482 quod
1276 1393 1311 1460 in
1341 1403 1456 1464 nostra
1481 1394 1730 1470 combinatione
1756 1423 1838 1474 casu
1863 1408 2015 1478 evenisse
2041 1409 2183 1487 videtur.

151 1523 203 1598 Ut
232 1527 342 1620 igitur
366 1528 402 1596 in
426 1525 493 1598 hoc
519 1528 657 1620 negotio
683 1526 766 1598 nibil
792 1530 884 1598 casui
907 1529 1117 1620 tribuamus,
1132 1541 1210 1601 ante
1236 1535 1344 1604 omnia
1364 1533 1585 1608 observemus
1605 1493 1758 1611 ordinem
1778 1541 1966 1636 litterarum
1987 1570 2184 1642 graecarum

151 1693 191 1752 α,
222 1657 329 1759 ,im
354 1667 449 1740 nullo
475 1665 577 1740 modo
600 1667 642 1738 ab
669 1666 787 1740 ordine
813 1669 991 1744 latinarum
1017 1693 1055 1758 a,
1095 1671 1132 1758 b,
1166 1694 1183 1743 c
1213 1672 1378 1767 pendere,
1417 1675 1508 1749 unde
1539 1701 1603 1774 pro
1635 1682 1783 1776 qualibet
1808 1681 1912 1758 lascis
1938 1685 2079 1764 definita
2105 1718 2183 1808 cusp

149 1813 281 1887 litteris
314 1811 428 1882 latinis
467 1813 689 1904 cognomines
726 1833 866 1906 gracum
898 1812 1096 1886 combinans
1136 1815 1265 1902 licebit,
1304 1819 1349 1888 ita
1388 1829 1427 1890 nt
1463 1847 1487 1889 o
1524 1845 1601 1894 cum
1639 1845 1678 1912 u,
1716 1827 1748 1911 β
1784 1849 1862 1900 cum
1893 1830 1914 1899 b
1946 1845 1981 1903 et
2002 1859 2036 1924 ·γ
2060 1859 2182 1913 cume

150 1953 381 2043 combustum
420 1955 532 2022 ilasi
570 1956 675 2048 prium
710 1949 816 2025 fascia
854 1953 1076 2026 horizontelis
1112 1967 1280 2030 statuente
1317 1980 1381 2048 no,
1413 1959 1480 2049 ou,
1514 1984 1575 2054 cy,
1617 1970 1774 2059 quoniam
1806 1971 1840 2040 in
1865 1972 1955 2044 nulla
1980 1971 2083 2049 fascia
2108 1983 2180 2052 sive

148 2093 367 2180 horizontali,
409 2095 479 2164 sive
519 2093 670 2166 verticuli
707 2091 824 2166 eadem
856 2094 967 2166 littera
993 2116 1114 2189 graeca
1138 2097 1195 2184 ¹bis
1220 2121 1400 2172 occurrere
1426 2102 1544 2190 debet,
1584 2103 1680 2176 facile
1715 2119 1809 2202 patet
1833 2103 2015 2186 secundam
2041 2113 2178 2192 fasciam

147 2235 395 2310 hofizonqalem
422 2233 495 2308 sore
523 2235 586 2326 by,
617 2257 674 2326 oa,
699 2237 767 2324 αβ;
793 2241 926 2310 tertiam
955 2261 1036 2312 vero
1062 2241 1126 2326 osi,
1152 2263 1216 2332 ny,
1242 2243 1302 2326 bo3
1329 2244 1425 2318 unde
1450 2246 1519 2320 hoc
1543 2247 1744 2344 quadratum
1770 2251 1927 2322 resultet:

123 3133 204 3209 ubi
230 3137 309 3232 quia
334 3136 369 3206 iu
394 3132 565 3228 diagonali
590 3134 725 3205 sinistra
749 3129 866 3204 eadem
892 3132 1005 3206 littera
1031 3156 1152 3228 graeca
1173 3161 1196 3204 α
1214 3146 1267 3207 ter
1286 3139 1452 3226 occurrit,
1481 3163 1617 3213 necesse
1636 3151 1698 3231 est,
1719 3156 1757 3216 ut
1774 3138 1835 3217 fiat
1855 3149 2173 3258 domest-ay,

145 3279 291 3376 ideoque
315 3247 578 3367 2αὲβ-ι-γ,
617 3275 835 3372 quamobrem
857 3273 937 3347 hinc
962 3269 1057 3347 valor
1082 3279 1187 3371 ipsius
1212 3305 1234 3392 o
1260 3277 1520 3370 determinatur,
1559 3285 1692 3356 scilicet
1717 3313 1801 3354 e=
1816 3271 1858 3380 2',
1890 3293 2173 3387 quemadmodum

146 3421 294 3494 vidimus
319 3420 406 3491 sumi
432 3414 556 3489 debere
581 3419 713 3506 0:33
744 3413 824 3486 hinc
849 3427 962 3488 autem
988 3417 1079 3507 nulla
1102 3439 1190 3528 nova
1218 3418 1382 3514 quadrata
1408 3425 1538 3522 magica
1563 3403 1761 3500 nascuntur.

246 3603 270 3706 §
297 3609 352 3678 tl.
402 3603 598 3699 Quanquam
622 3606 657 3676 in
682 3601 747 3674 bac
772 3605 878 3698 prima
901 3605 1011 3698 specie
1036 3601 1211 3697 dispositio
1237 3604 1426 3706 litterarum
1452 3629 1652 3702 graecarum
1673 3611 1768 3684 nulla
1791 3613 1923 3690 laborat
1956 3612 2171 3712 difficultate,

144 3760 260 3822 tamen
296 3769 358 3842 pro
394 3744 567 3844 quadratis
603 3745 750 3840 plurium
788 3745 987 3819 cellularum
1010 3743 1207 3842 plurimum
1243 3748 1413 3835 intererit,
1451 3759 1583 3824 certam·
1608 3752 1762 3848 regulam
1780 3755 1945 3845 tradere,
1983 3761 2172 3838 secundum
2222 3829 2225 3834 .

146 3911 249 3987 quam
278 3891 409 3961 litterae
439 3909 579 3982 graecae
611 3890 676 3958 rite
702 3887 839 3960 inscribi
870 3896 1010 3982 queant,
1049 3898 1225 3981 postquam
1252 3889 1375 3960 latinae
1395 3889 1468 3986 jam
1494 3890 1607 3962 debite
1632 3887 1759 3966 luerint
1785 3895 1980 3994 dispositam
2017 3899 2112 3973 hunc
2136 3905 2172 3974 in

146 4023 253 4104 finem
279 4029 425 4124 eligatur
447 4025 552 4099 fascia
576 4029 751 4122 quaepiam
775 4024 885 4096 medin
909 4029 980 4098 sive
1001 4023 1240 4115 horizontalis,
1275 4031 1347 4098 sive
1374 4030 1559 4119 verticalis,
1597 4035 1668 4104 sive
1693 4037 1794 4106 etiam
1819 4034 2029 4133 diagonalis,
2060 4045 2107 4114 ita
2131 4055 2172 4115 ut

147 4171 192 4244 ad
217 4181 395 4264 utramque
420 4179 548 4264 partem
573 4171 670 4242 istius
693 4167 815 4242 fasciae
843 4175 878 4242 in
904 4170 1035 4244 cellulis
1059 4171 1138 4244 inde
1163 4195 1269 4276 aeque
1295 4177 1443 4261 remotis,
1470 4175 1595 4270 ubique
1615 4175 1701 4248 duae
1722 4179 1855 4252 litterae
1875 4181 1998 4254 latinae
2019 4181 2171 4258 diversae

146 4315 374 4410 reperiantur,
401 4311 505 4382 veluti
530 4311 588 4384 hic
612 4315 725 4384 evenit
749 4315 783 4384 in
808 4314 965 4386 columna
991 4313 1102 4386 media
1127 4315 1292 4402 verticuli,
1319 4319 1409 4387 circa
1435 4337 1535 4411 quam
1555 4319 1590 4389 in
1607 4321 1712 4413 prima
1733 4319 1935 4394 horizontali
1955 4328 2171 4428 reperiuntur

145 4457 279 4532 litterae
298 4477 323 4526 o
339 4463 375 4530 et
392 4481 423 4546 c,
445 4461 479 4528 iu
498 4451 646 4529 secunda
665 4453 778 4543 beto,
800 4458 836 4527 iu
853 4459 955 4528 tertia
976 4479 1054 4530 vero
1072 4479 1090 4528 c
1109 4467 1145 4528 ct
1156 4458 1188 4546 b,
1208 4458 1266 4529 ubi
1282 4459 1380 4530 binae
1407 4458 1539 4531 litterae
1558 4457 1708 4532 diversae
1729 4461 1790 4534 sibi
1810 4462 1934 4558 ubique
1952 4465 2170 4560 respondent.

244 4636 351 4741 §12
406 4641 587 4737 Postquam
612 4651 724 4713 auum
749 4641 826 4712 talis
850 4641 1009 4713 columna
1032 4640 1142 4713 media
1167 4639 1272 4714 luerit
1296 4643 1449 4732 inventa,
1489 4645 1524 4714 in
1548 4665 1587 4714 ea
1608 4645 1762 4738 singulae
1787 4646 1918 4718 litterae
1942 4647 2066 4720 latinae
2091 4671 2169 4722 cum
2265 4711 2268 4722 ,

147 4787 280 4881 graecis
304 4783 565 4878 cognominibus
594 4781 846 4872 combinentur,
883 4767 959 4854 tum
988 4786 1130 4856 veroin
1157 4785 1242 4856 locis
1268 4785 1425 4880 utrinqne
1450 4783 1730 4880 respondentibus
1757 4785 1890 4859 litterae
1914 4809 2057 4883 graecae
2082 4811 2168 4886 cog·

146 4927 298 5000 nomines
323 4934 572 5022 permutentur3
597 4923 730 5020 hocque
753 4923 856 4996 modo
882 4925 943 4996 ista
969 4917 1080 5019 ligura
1104 4924 1299 4997 resultabit:
1660 4907 1663 4920 ¹

144 5775 202 5850 ulti
225 5774 311 5850 certi
335 5765 450 5874 sumus
475 5797 552 5848 curn
577 5739 720 5868 singulis
745 5773 858 5846 latinis
885 5773 1012 5847 litteris
1030 5795 1147 5844 omnes
1173 5797 1313 5869 graecas
1337 5775 1533 5850 combinari.
1570 5773 1742 5863 Ceterum,
1769 5784 1808 5846 ut
1831 5773 2018 5847 conditioni
2043 5775 2167 5873 diago-

146 5919 270 5996 uallum
295 5913 457 6004 satisfiat,
483 5937 619 5988 necesse
644 5927 714 6004 est,
739 5913 1023 6011 quemadmodum
1043 5915 1114 6010 jam
1138 5917 1343 6000 notavimus,
1369 5925 1410 5986 ut
1434 5927 1589 6010 sumatur
1614 5915 1833 5987 2c=o÷b
1858 5925 1895 5986 et
1918 5919 2183 6006 imo-ent.-

146 6055 235 6132 fluet
256 6071 376 6136 autum
396 6053 512 6154 figure
532 6075 604 6133 uon
629 6056 797 6150 discrepat
820 6056 863 6126 ab
878 6111 881 6120 .
894 6079 950 6136 ea,
974 6079 1073 6151 quam
1098 6077 1198 6150 snpra
1225 6049 1247 6152 §
1272 6057 1297 6124 8
1321 6057 1517 6140 invenimus.
1548 6055 1698 6148 lienique
1724 6055 1780 6128 bic
1805 6055 2002 6131 obserrasse
2022 6057 2166 6152 juvabit,
2188 6047 2195 6054 ’

144 6201 447 6298 quomodocunque
470 6197 594 6276 fasciae
620 6201 687 6272 sive
712 6197 959 6286 horizontales,
995 6201 1064 6270 sive
1096 6197 1273 6269 verticulas
1304 6199 1393 6268 inter
1417 6206 1727 6294 sepemuteptur,
1764 6195 1843 6270 inde
1868 6199 1903 6270 in
1933 6200 2072 6272 summis
2098 6209 2167 6272 tem
