5192 7068
1011 1963 1512 2095 Pnnnnnllo.

358 2588 467 2666 Anno
490 2587 609 2686 l8di‚
640 2600 715 2666 tum
741 2590 775 2666 in
799 2591 983 2668 tabulario
1011 2589 1234 2668 Academiae
1260 2591 1495 2670 scientiarum
1520 2589 1843 2693 Petropolitanae,
1871 2601 1949 2670 tum
1979 2593 2074 2669 inter
2103 2592 2267 2694 privatas

251 2765 368 2868 gentis
398 2763 661 2842 Eulerianae
689 2763 864 2856 schedas,
894 2765 1032 2844 inventi
1053 2778 1137 2843 sunt
1157 2765 1369 2844 beonbardi
1393 2765 1540 2844 Euleri
1569 2777 1748 2844 tractatus
1772 2768 2002 2870 complures,
2031 2768 2129 2846 bene
2153 2767 2268 2864 limati

251 2952 290 3038 et
318 2941 365 3018 ad
393 2939 607 3018 umbilicum
637 2939 796 3018 adducti.
835 2940 1001 3018 Primum
1030 2941 1178 3046 quidem
1208 2941 1264 3020 bis
1293 2893 1675 3046 manuscripiisirdlle
1705 2943 1939 3020 tribuebatur
1969 2944 2143 3038 attentio,
2171 2969 2268 3048 quae

249 3116 468 3220 jamdudum
495 3115 634 3220 publici
661 3115 756 3218 juris
789 3113 886 3194 lacta
914 3141 1000 3194 esse
1028 3141 1140 3195 nemo
1170 3141 1244 3194 non
1273 3129 1444 3220 putaret3
1481 3142 1566 3194 mox
1595 3143 1687 3196 vero
1716 3115 1891 3250 nihildum
1920 3143 2049 3197 earum
2078 3143 2269 3198 commen-

247 3291 427 3370 tationum
460 3293 558 3396 typis
592 3291 819 3394 descriptum
852 3316 937 3370 esse
981 3291 1211 3397 diligentiore
1243 3293 1479 3397 inquisitione
1516 3291 1611 3371 laeta
1642 3295 1871 3412 intellectum
1905 3306 1974 3372 est.
2030 3293 2191 3372 Proinde
2225 3320 2271 3372 ne

253 3467 320 3544 viri
356 3467 458 3546 docti
494 3481 669 3546 carerent
705 3467 797 3544 tanti
834 3467 995 3546 auctoris
1028 3467 1204 3570 operibus
1242 3469 1443 3571 postumis,
1481 3467 1618 3546 Paulus
1654 3467 1838 3546 henricus
1879 3467 2004 3564 Fuss‚
2042 3467 2270 3547 Academiae

253 3645 487 3722 scientiarum
522 3643 827 3748 Petropolitanae
860 3643 1083 3723 secretarius
1114 3654 1340 3747 perpetuus,
1377 3643 1499 3722 coetui
1530 3655 1661 3722 auctor
1694 3643 1760 3722 fuit
1792 3658 1832 3721 ut
1860 3643 1971 3722 editio
2001 3667 2157 3747 operum
2190 3669 2271 3721 om-

255 3823 353 3896 nium
381 3817 527 3898 Euleri
554 3820 819 3900 institueretur.

357 3995 561 4073 Arridebat
583 4021 673 4075 sane
700 3995 773 4074 boc
798 3996 1006 4093 consilium,
1035 3995 1120 4094 sed,
1149 3996 1292 4073 ratione
1317 3993 1443 4073 habita
1469 4019 1684 4098 magnarum
1709 3996 1788 4099 ejus
1812 3995 1866 4073 rei
1889 3995 2159 4098 impensarum,
2191 4019 2269 4071 me·

248 4171 315 4247 lius
345 4170 460 4247 visum
490 4183 548 4248 est
575 4171 689 4249 edere
718 4171 978 4250 collectionem
1008 4195 1082 4251 non
1110 4173 1273 4249 omnium
1302 4169 1369 4250 sed
1395 4169 1578 4248 minorum
1602 4182 1745 4248 tantum
1773 4168 1922 4249 Euleri
1950 4193 2124 4274 operum,
2154 4170 2268 4247 itaut

249 4344 305 4423 his
334 4370 466 4425 recens
498 4345 646 4425 detecta
678 4345 917 4425 adderentur.
973 4347 1105 4453 ltaque
1138 4359 1339 4452 congestae
1369 4357 1452 4423 sunt
1480 4357 1518 4424 et
1546 4371 1614 4425 suo
1644 4345 1774 4426 ordine
1803 4347 2008 4450 dispositae
2036 4358 2266 4425 commenta-

249 4523 368 4601 tiones
396 4521 543 4602 Euleri
576 4533 653 4601 tam
686 4523 808 4602 editae
841 4521 1165 4627 quam'ineditae3
1204 4535 1243 4603 et
1276 4547 1320 4600 ex
1350 4523 1522 4601 omnibus
1550 4546 1620 4600 eae
1649 4545 1747 4625 quae
1776 4521 1823 4599 de
1851 4521 1997 4600 theoria
2025 4545 2264 4599 numerorum

248 4709 359 4800 agunt
392 4697 498 4801 prelo
532 4699 727 4804 subJectae
759 4711 854 4777 sunt.
898 4697 1064 4778 Tandem
1092 4723 1190 4776 anno
1223 4697 1324 4775 rste
1353 4701 1389 4773 in
1416 4697 1537 4775 lucem
1567 4697 1787 4800 prodierunt
1814 4695 1999 4774 volumina
2030 4693 2103 4772 duo
2132 4695 2183 4770 sic
2212 4696 2265 4770 in-

248 4871 405 4976 scripta:

353 5047 569 5126 Leondardi
593 5049 743 5127 Euleri
767 5049 1083 5128 commentationes
1110 5047 1358 5128 arithmeticae
1386 5050 1567 5126 collectae.
1609 5045 1791 5152 Auspiciis
1815 5045 2034 5125 Academiae
2057 5043 2265 5150 imperialis

245 5225 477 5304 scientiarum
505 5227 810 5334 Petropolitanae
840 5229 1028 5308 ediderant
1053 5229 1213 5307 auctoris
1238 5241 1463 5333 pronepotes
1492 5225 1539 5305 P.
1570 5223 1617 5302 Η.
1648 5223 1752 5301 Fnss
1785 5236 1817 5299 et
1843 5221 2018 5300 Nicolcm
2046 5219 2155 5297 Fuss.
2202 5217 2263 5295 ln·

244 5417 326 5476 sunt
349 5404 459 5506 plura
487 5401 635 5482 inedito.
764 5437 767 5446 ⁴

350 5576 481 5682 Neque
513 5592 639 5657 tamen
668 5578 839 5658 inchoata
870 5579 934 5657 tali
963 5579 1076 5658 modo
1108 5580 1290 5657 minorum
1320 5577 1467 5658 Euleri
1501 5600 1658 5681 operum
1690 5575 1862 5655 collectio
1894 5571 2100 5650 continuari
2131 5571 2261 5673 potuit,

247 5751 385 5854 quippe
416 5777 500 5830 cum
534 5779 655 5858 neque
684 5755 810 5832 statuti
843 5753 1070 5833 Academiae
1104 5755 1244 5832 reditus
1277 5754 1484 5856 sumptibus
1517 5751 1641 5855 operis
1673 5773 1785 5852 paras
1814 5758 1956 5836 essent,
1989 5769 2111 5848 neque
2139 5757 2262 5821 extra·

247 5925 454 6006 ordinarias
482 5953 575 6032 opes
599 5943 675 6007 tum
702 5931 880 6033 temporis
905 5955 1060 6034 sperare
1083 5929 1226 6010 liceret.
1257 5929 1441 6006 Videlicet
1463 5951 1534 6032 per
1557 5923 1799 6004 Academiam
1826 5947 1898 6000 non
1918 5921 2038 6018 stetit,
2067 5919 2260 6023 quominus

245 6101 419 6203 expleret
450 6105 598 6207 pietatis
631 6105 818 6210 quoddam
852 6105 1011 6184 officium
1053 6109 1133 6185 viro
1162 6105 1345 6201 debitum,
1384 6105 1445 6208 qui
1479 6127 1547 6207 per
1580 6101 1662 6205 plus
1694 6124 1806 6203 quam
1843 6095 2104 6200 quinquaginta
2141 6117 2259 6172 annos

348 6257 372 6298 ι.
388 6261 480 6306 sum
494 6265 532 6318 op.
547 6261 664 6316 ponnn..
677 6264 701 6304 s.
713 6263 730 6303 ι.
