5198 7072
449 613 531 696 tito
1059 613 1103 696 L.
1148 613 1363 696 EULERI
1392 614 1557 696 OPERA
1589 613 1879 696 posthuma.
2319 645 2448 728 leupo.

547 839 694 914 Octavus
719 835 859 932 regulae
886 837 970 908 situs
995 833 1059 908 KG
1084 857 1221 930 quoque
1247 856 1308 930 pro
1332 835 1458 906 c=0
1483 833 1623 930 praehet
1643 857 1814 922 γεω,
1854 837 1997 905 alrami
2030 857 2171 925 curvae,
2212 841 2271 934 qui
2309 837 2351 910 ad
2387 839 2460 912 hanc
2569 849 2571 944 l

449 981 649 1076 applicatam
675 991 834 1074 tanquam
860 986 1059 1069 asymtotam
1086 985 1316 1070 convergunt,
1346 971 1393 1046 nd
1417 985 1570 1047 naturam
1596 973 1788 1072 hujusmodi
1813 975 2018 1072 hyperbolae
2049 977 2253 1070 ac'''y''=C
2273 975 2459 1069 referuntur,

450 1121 507 1196 ubi
532 1123 577 1193 sit
600 1145 632 1192 m
647 1135 688 1209 >
706 1143 740 1190 n.

553 1310 611 1380 50.
662 1301 783 1376 Nonus
808 1301 947 1401 regulae
973 1299 1057 1376 situs
1085 1298 1151 1376 GD
1177 1325 1237 1376 eos
1262 1263 1429 1375 abscissae
1459 1327 1487 1374 c
1513 1303 1646 1378 valeres
1672 1299 1787 1380 finitos
1813 1305 1964 1396 exhibet,
1994 1307 2116 1402 quibus
2140 1309 2347 1406 respondent
2369 1313 2462 1406 appli-

450 1459 548 1522 catae
579 1472 606 1538 y
635 1431 766 1518 infinite
797 1469 958 1541 magnae,
996 1443 1128 1540 haeque
1158 1437 1241 1538 er'gc
1272 1439 1374 1516 erunt
1405 1446 1503 1518 simul
1536 1457 1716 1542 tangentes
1747 1459 1781 1518 et
1812 1459 1997 1540 asymtotae
2024 1473 2160 1522 curvae.
2212 1450 2338 1524 Natura
2363 1468 2461 1526 auteur
2570 1507 2571 1512 ,

450 1587 683 1685 hyperbolica,
710 1582 753 1658 a'd
779 1607 881 1682 quam
906 1583 962 1658 isti
988 1576 1116 1656 curvae
1135 1587 1219 1656 rami
1246 1588 1452 1680 pertineant,
1479 1585 1559 1658 hinc
1585 1611 1654 1660 non
1680 1592 1911 1682 cognoscitur.
1998 1674 2005 1695 .

550 1731 707 1804 Decimus
737 1727 877 1824 regulae
909 1731 994 1799 situs
1026 1725 1093 1800 Gt
1123 1724 1276 1799 declarat
1308 1728 1465 1800 abscissis
1494 1753 1522 1800 ac
1551 1725 1682 1800 infinite
1715 1735 1846 1826 magnis
1882 1733 2085 1829 respondere
2120 1733 2305 1830 applicatas
2341 1759 2460 1832 quoquc

451 1867 582 1946 infinite
608 1893 759 1965 magnas,
785 1893 871 1965 quae
897 1871 995 1941 simul
1021 1873 1090 1940 sint
1114 1891 1240 1942 curvae
1266 1881 1459 1962 tarrgentes,
1486 1869 1548 1942 sed
1573 1895 1651 1942 cum
1677 1883 1769 1942 totae
1795 1875 1921 1946 sintin
1947 1871 2117 1946 inlinitum
2144 1875 2297 1964 dissitas,
2330 1880 2416 1948 rami.
2431 1877 2459 1950 hi

450 2037 575 2088 curvae
601 2036 669 2086 non
695 2011 902 2106 hyperbolici
927 1998 1125 2098 censentur,¹
1147 2009 1208 2082 sed
1233 2011 1429 2106 parabolici,
1456 2021 1557 2108 atque
1584 2011 1628 2082 ad
1652 2011 1845 2110 hujusmodi
1873 2028 2029 2089 naturam
2054 2018 2279 2112 parabolicam
2304 2019 2459 2094 accedunt
2570 2101 2571 2104 ,

448 2159 662 2246 uzon,
690 2156 746 2226 usi
772 2157 817 2226 su
842 2165 927 2238 m>
946 2177 981 2226 ιι.
1024 2139 1029 2144 ’
2570 2127 2571 2130 ‘

550 2297 755 2370 Undecimus
779 2297 917 2392 regulae
942 2299 1028 2367 situs
1055 2295 1126 2368 GH
1146 2273 1208 2391 pro
1234 2295 1389 2406 abscissis
1414 2319 1442 2364 ω
1473 2287 1613 2367 infinitis
1638 2293 1824 2390 applicatas
1849 2321 1876 2388 y
1902 2301 2027 2394 pariter
2052 2294 2202 2374 infinitas
2227 2302 2382 2398 praebet,
2413 2327 2459 2400 per

448 2439 644 2539 hujusmodi
670 2445 886 2536 aequationes
909 2461 1078 2526 y=ac,
1105 2461 1144 2508 er
1163 2437 1285 2532 quibus
1302 2435 1476 2531 colligitur
1495 2448 1691 2531 tangentem
1712 2415 1838 2511 curvae
1858 2439 1902 2511 ad
1920 2463 2015 2511 axem
2041 2439 2111 2514 lore
2136 2441 2319 2539 obliquam.
2345 2444 2456 2516 Verum

448 2583 530 2656 hinc
554 2604 666 2676 neque
691 2568 760 2651 arie
786 2589 964 2674 punctum,
1001 2579 1060 2650 uhi
1090 2588 1237 2672 tangens
1267 2575 1411 2664 incidat,
1451 2579 1651 2664 innotescit,
1690 2600 1801 2672 neque
1831 2590 1951 2651 natura
1984 2583 2066 2652 rami
2091 2605 2216 2656 curvae
2241 2586 2275 2655 in
2302 2577 2456 2655 infinito·

448 2726 591 2809 extensi,
619 2726 689 2794 sive
715 2726 759 2792 sit
783 2721 1015 2816 hyperbolica,
1048 2698 1120 2790 sive¹
1146 2719 1348 2815 parabolica;
1375 2721 1545 2816 posterius
1569 2722 1658 2791 enim
1684 2723 1818 2792 evenire
1845 2732 1968 2820 potest,
1996 2725 2023 2794 si
2049 2722 2136 2794 duae
2161 2725 2319 2821 pluresve
2344 2726 2456 2796 radices

446 2861 578 2939 luerint
604 2855 776 2960 aequales,
800 2873 841 2934 ut
864 2857 908 2962 §§
935 2865 980 2934 tl)
1006 2837 1041 2932 ct
1067 2866 1112 2934 tt
1140 2875 1192 2932 est
1219 2872 1386 2933 notatum.
1641 2957 1645 2972 ι

548 3006 777 3080 Duodecimus
801 3007 938 3100 regulae
963 3007 1047 3076 situs
1075 2975 1149 3078 GM
1172 3005 1298 3098 pariter
1320 3026 1360 3075 ac
1384 3002 1453 3074 bini
1480 3003 1720 3100 praecedentes
1751 3027 1812 3100 pro
1840 3005 1996 3077 abscissis
2019 3030 2047 3076 aa
2072 2997 2214 3078 infinitis
2239 3008 2456 3102 applicatasy

446 3177 583 3250 quoque
608 3143 757 3222 infinitas
782 3147 933 3220 ostendit
957 3170 1018 3244 per
1043 3143 1238 3244 hujusmodi
1263 3147 1478 3242 aequationes
1500 3145 1610 3236 y'''=
1626 3149 1702 3220 Cac'¹
1727 3145 1783 3218 ubi
1808 3171 1840 3218 m
1855 3157 1896 3232 >
1915 3171 1953 3236 n,
1978 3147 2126 3243 hincque
2145 3151 2245 3221 simul
2266 3151 2455 3244 intelligitur

447 3305 643 3390 tangentem
669 3313 795 3364 curvae
821 3313 895 3362 esse
919 3291 970 3362 ari
995 3289 1202 3386 parallelem,
1228 3287 1271 3360 ab
1296 3311 1402 3384 eoque
1428 3289 1608 3362 intervallo
1631 3281 1766 3362 infinito
1789 3300 1970 3372 umnam,
1996 3291 2041 3362 ita
2067 3301 2108 3362 ut
2131 3293 2213 3362 rand
2240 3311 2363 3362 curvae
2387 3289 2452 3362 hinc

340 3513 345 3524 ,
446 3437 654 3510 resultantes
675 3437 746 3506 sint
770 3433 963 3528 parabolici.

548 3621 606 3690 51.
654 3589 816 3688 Decimus
839 3617 961 3687 tertius
986 3613 1124 3710 regulae
1151 3617 1237 3687 situs
1262 3610 1334 3688 DA
1358 3637 1420 3710 pro
1446 3615 1602 3688 abscissis
1626 3605 1653 3686 ἑο
1678 3610 1822 3688 infinitis
1839 3617 2023 3711 applicatae
2040 3639 2067 3705 y·
2084 3607 2202 3687 finitae
2222 3615 2452 3710 magnitudinis

446 3753 563 3846 offert,
596 3757 687 3831 unde
719 3755 892 3850 colligitur
916 3765 1029 3827 rectas
1058 3759 1108 3828 axi
1140 3757 1330 3851 parallelas,
1367 3780 1451 3852 quae
1477 3757 1519 3828 ab
1546 3779 1588 3830 eo
1613 3757 1800 3830 intervallis
1824 3777 1908 3848 :y
1945 3760 2013 3828 sint
2049 3767 2214 3844 remotae,
2248 3754 2321 3830 lore
2345 3781 2452 3830 curvae

444 3910 625 3993 tangentes
650 3873 791 3993 ejusque
816 3906 1013 3988 asymtotas.
1064 3895 1191 3970 Verum
1216 3909 1335 3970 natura
1362 3899 1588 3994 hyperbolica,
1615 3899 1785 3996 adquam
1811 3901 1865 3972 isti
1891 3921 2016 3971 curvae
2040 3900 2123 3980 rami
2148 3893 2357 3987 referantur,
2384 3897 2450 3970 hine

445 4063 513 4111 non
540 4037 732 4110 innotescit.
908 4005 909 4010 ἵ
1637 4033 1640 4040 “
1765 4117 1767 4122 ,

520 4179 702 4254 Decimus
727 4191 869 4276 quartus
893 4179 1031 4278 regulae
1057 4183 1141 4254 situs
1166 4178 1231 4254 LE
1252 4181 1295 4254 ad
1320 4183 1485 4284 abscissas
1507 4207 1535 4254 ω
1553 4173 1702 4256 infinitas
1727 4179 1832 4256 relert
1856 4180 2039 4277 applicatas
2059 4201 2087 4268 γ
2110 4189 2358 4266 evanescentes,
2383 4175 2466 4283 dum¹

445 4322 637 4420 hujusmodi
666 4323 805 4418 praehet
830 4328 1047 4420 aequationes
1069 4323 1271 4414 cc''y'''=C
1292 4323 1351 4396 ubi
1376 4347 1407 4395 m
1425 4339 1464 4410 >
1483 4349 1522 4413 a,
1554 4329 1682 4421 eritque
1708 4347 1793 4419 ergo
1818 4327 1889 4420 ipse
1915 4323 1988 4394 aris*
2006 4311 2151 4414 ungens
2176 4339 2302 4390 curvae
2327 4319 2448 4417 ejusque

443 4463 530 4539 adeo
556 4477 732 4560 asymtota‚
758 4457 1067 4538 ac'simnl'natura
1096 4460 1311 4561 hyperbolica
1338 4465 1532 4564 hujusmodi
1558 4491 1682 4539 curvae
1704 4485 1874 4538 ramorum
1900 4463 2090 4534 innotescit.
2115 4457 2118 4466 ’

543 4607 702 4680 Decimus
728 4611 864 4703 quintus
889 4608 1028 4702 regulae
1059 4611 1146 4679 sitos
1177 4609 1248 4680 ΗΕ
1276 4607 1473 4706 hujusmodi
1501 4609 1640 4704 praebet
1663 4613 1881 4703 aequationes
1905 4603 2064 4695 aey=C
2095 4625 2158 4697 pro
2183 4599 2337 4674 abscissis
2359 4626 2383 4672 c
2404 4605 2447 4672 in·

368 4729 376 4740 ’
445 4745 566 4836 linitis,
604 4749 727 4845 quihus
765 4749 894 4822 idcirco
924 4749 1106 4844 applicatas
1137 4751 1243 4822 nihilo
1273 4749 1429 4846 aequales
1460 4744 1664 4846 respondere
1697 4732 1909 4819 manifestum
1941 4757 2004 4818 est.
2057 4743 2129 4816 Erit
2166 4764 2251 4836 ergo
2292 4749 2357 4838 ipse
2389 4745 2447 4812 aris

443 4903 590 4986 tangens
614 4903 650 4962 et
674 4901 840 4984 asymtota
866 4913 1002 4979 curvae,
1028 4893 1126 4988 cujus
1153 4903 1271 4963 natura
1298 4890 1481 4988 hyperbole
1508 4893 1624 4964 conica
1649 4892 1857 4984 etprimitur.

546 5033 707 5106 Decimus
731 5045 845 5104 sextus
870 5032 1016 5128 denique
1041 5033 1180 5127 regulae
1205 5037 1288 5104 situs
1315 5035 1392 5106 ME
1419 5024 1546 5105 itidem'
1568 5054 1629 5128 pro
1660 5031 1816 5102 abscissis
1836 5023 1982 5101 ‘infinitis
2005 5051 2033 5098 c
2057 5025 2207 5099 ostendit
2232 5025 2446 5123 applicatasy

444 5181 700 5260 evanescentes,
728 5195 787 5268 per
810 5173 1006 5270 hujusmodi
1032 5176 1249 5270 aequetimes
1272 5175 1429 5266 m'¹'y⁴''=
1444 5176 1471 5248 C
1493 5177 1656 5246 existente
1672 5197 1715 5244 m
1730 5187 1771 5258 >
1789 5193 1828 5258 n,
1863 5174 1909 5242 ita
1934 5180 1973 5242 nt
1997 5171 2067 5242 aris
2091 5191 2227 5265 quoque
2253 5173 2298 5241 sit
2321 5179 2447 5262 tangens

443 5328 478 5388 et
502 5327 667 5414 asymtota
694 5338 827 5404 curvae,
853 5316 951 5412 cujus
977 5327 1098 5390 natura
1122 5316 1340 5412 hyperbolica
1365 5315 1447 5388 hine
1471 5317 1572 5388 simul
1596 5317 1663 5388 crlt
1686 5308 1875 5386 manifesta.

544 5501 601 5574 52.
651 5499 727 5583 Quo
751 5500 816 5571 hae
841 5501 1092 5591 conclusiones,
1123 5523 1206 5598 quas
1236 5504 1362 5599 singuli
1393 5505 1447 5574 isti
1477 5501 1625 5573 sedecim
1656 5457 1795 5594 reg'ulde
1822 5503 1908 5568 situs
1930 5489 2161 5593 suppeditant,
2187 5493 2312 5566 clarius
2331 5492 2445 5588 perspi·

443 5647 597 5727 cientur,
616 5645 660 5713 ·in
691 5642 804 5713 tabula
836 5642 995 5714 subnexa*
1014 5665 1076 5738 pro
1108 5665 1311 5740 unoquoque
1336 5641 1404 5715 lam
1432 5645 1561 5716 valeres
1585 5629 1858 5716 coordinatorum
1883 5633 1984 5735 qua'm
2011 5639 2214 5734 positionem
2238 5635 2443 5730 tangentium,

442 5795 475 5855 et
515 5807 639 5856 curvae
680 5795 833 5856 naturam
873 5787 941 5855 sive
979 5773 1232 5887 parabolicam,
1274 5789 1344 5858 sive
1382 5771 1660 5881 hyperbolicam,
1699 5773 1864 5878 siquidem
1908 5805 1948 5852 er
1980 5770 2058 5852 'sito
2097 5778 2235 5874 regulae
2272 5774 2445 5854 naeuus

442 5925 673 5999 exhibeamus:
