5168 7068
156 635 162 644 ·
263 725 269 740 ,
379 634 491 754 'sae
809 645 817 658 ’
1003 615 1803 710 nnunumoaunnuosruunaa
2293 652 2390 720 ,m

406 869 682 958 Quaatategratto
708 855 2305 955 emp-uuuaqataanumnnganrmuautneum
2343 865 2431 948 tata,

308 1097 313 1102 Ι
411 997 857 1086 titre-parabantur„
877 995 983 1062 sues
1004 1011 1111 1080 perga
1141 991 1264 1060 *nn-
1282 989 1419 1058 uuna
1441 987 1631 1056 etatae
1653 988 1748 1055 ΓΜ.

616 1169 873 1261 (limponsionern
893 1167 965 1234 vida
987 1164 1120 1251 Corrssp.
1144 1165 1179 1232 T.
1201 1163 1245 1228 Π.
1262 1185 1296 1250 p.
1316 1161 1404 1247 ⁸1⁰8.)

1391 1459 1435 1528 ὅ,
1480 1443 1484 1450 .

720 1715 797 1790 Viro
824 1697 1050 1789 consultissimi
1078 1705 1533 1788 caenomanensium
1560 1707 1594 1780 S.
1620 1705 1659 1782 P.
1676 1705 1727 1780 l).
1753 1703 1793 1782 Ι..
1819 1701 1862 1781 Ε.

489 1935 673 2020 Quanquam
694 1933 884 2001 desiderium
904 1953 1008 1998 mean
1031 1951 1051 1998 a
1071 1932 1130 2010 Te,
1152 1931 1211 1996 Vir
1228 1927 1510 2004 mnino,
1530 1925 1713 2012 meane
1730 1945 1887 1992 sumn
1904 1936 1971 2003 ast,
1994 1936 2098 1996 tm
2118 1939 2202 1996 unta
2219 1951 2297 2018 sega
2319 1933 2365 2000 l'e
2382 1945 2430 2004 aa

361 2043 372 2128 ’,
405 2069 561 2134 veneratio
583 2085 666 2142 msa,
687 2075 724 2132 nt
745 2066 804 2130 nisi
825 2065 923 2130 otium
937 2063 1006 2128 rint
1024 2071 1185 2148 suppetat,
1206 2061 1308 2126 nullas
1328 2081 1348 2126 a
1368 2061 1412 2125 Te
1432 2059 1549 2124 iidem
1568 2057 1703 2144 saigan,
1724 2057 1847 2142 qnotias
1865 2065 1971 2122 amem
1992 2058 2129 2126 lubuit
2141 2061 2216 2126 nint
2230 2064 2430 2147 respendere,

406 2189 1377 2281 prohoo'naignirauers'i'ihigratiasaaaxinasinabeam
1411 2187 1659 2272 anue-'straba
1683 2185 1995 2269 ammonitam,
2019 2191 2431 2273 quamsi-uas·

404 2325 520 2390 riorum
540 2323 764 2408 divergentium
783 2323 890 2396 edors,
911 2321 1044 2404 Tibiqas
1063 2341 1148 2384 ane
1167 2339 1298 2404 prossus
1317 2316 1483 2393 aaaamior,
1509 2315 1679 2390 sevodo,
1705 2335 1770 2399 qno
1791 2313 1946 2380 amaruan
1970 2317 2219 2401 eonaoegeatinn
2239 2339 2367 2384 aaran
2392 2322 2430 2388 ἡ

406 2453 559 2537 quantitas
581 2452 669 2536 quasi
690 2459 861 2535 asymtota,
887 2449 927 2512 ad
956 2469 1062 2532 qnam,
1090 2469 1153 2532 quo
1179 2447 1288 2532 plures
1312 2447 1404 2510 seriei
1431 2443 1553 2508 termini
1580 2453 1652 2509 acto
1677 2443 1878 2526 colligantur,
1904 2463 1944 2508 ee
1970 2445 2099 2530 propium
2124 2448 2302 2528 accedatur,
2329 2449 2374 2514 ita
2398 2459 2431 2518 ut

403 2581 525 2647 tandem
547 2581 753 2664 discrepantia
775 2579 858 2644 omni
879 2577 1057 2662 assignabili
1079 2577 1246 2660 quantitate
1269 2575 1369 2640 minor
1389 2575 1509 2639 evadat.
1530 2573 1653 2638 Scilicet
1673 2573 1701 2638 si
1725 2572 1876 2638 habeatnr
1896 2573 1994 2638 series
2014 2595 2204 2660 convergunt
2226 2597 2430 2663 quaecunque

404 2713 718 2778 o÷d÷c÷d÷
740 2717 811 2784 etc,
833 2707 951 2790 concipi
974 2715 1075 2790 potest
1095 2705 1161 2790 Fig.
1183 2707 1236 2770 69.
1259 2704 1340 2770 linea
1359 2722 1457 2798 surra
1476 2705 1564 2768 atae
1584 2711 1644 2768 eto.
1664 2721 1762 2787 supet·
1777 2719 1841 2768 axe
1861 2701 1915 2768 AS
1934 2704 1980 2770 ita
1998 2702 2165 2790 dempta,
2186 2714 2223 2772 nt
2243 2707 2313 2792 sias
2332 2709 2428 2794 appii·

404 2852 490 2906 eatae
511 2839 551 2904 sd
572 2839 711 2924 aequata
731 2837 893 2904 intervalla
914 2835 981 2902 axis
1002 2835 1271 2902 constitutaesint

1226 2963 1272 3024 Λα
1283 2980 1355 3022 :a

1224 3089 1436 3156 ΜΞΝ-δ
1615 3182 1620 3190 Ι

1221 3219 1262 3284 cc
1277 3241 1322 3280 τε
1331 3237 1351 3282 s
1361 3219 1514 3284 ΗΜ

1222 3343 1596 3416 Dima-stem

1350 3483 1411 3544 etc.

347 3675 352 3683 -
405 3651 467 3714 quo
488 3595 570 3696 iacto
593 3625 788 3693 manifestum
808 3635 856 3706 est
878 3623 957 3688 inane
977 3641 1102 3687 surram
1117 3619 1292 3688 habituram
1314 3641 1383 3688 osae
1403 3633 1590 3706 asymtotam
1606 3625 1661 3690 Π
1671 3623 1720 3688 ari
1744 3621 1796 3690 AS
1817 3623 2005 3710 paradisiaca,
2023 3625 2115 3710 enjus
2135 3625 2176 3689 ab
2194 3645 2257 3690 aaa
2275 3625 2418 3693 dimne

402 3779 506 3823 ueram
528 3759 620 3822 seriei
643 3757 675 3820 in
697 3755 850 3820 infinitum
873 3755 1068 3818 continuatae
1089 3767 1243 3818 maumam
1258 3753 1516 3836 rapmssenebta.
1539 3753 1591 3818 Sin
1612 3737 1716 3818 dotem
1737 3755 1836 3820 series
1855 3756 2013 3840 propudia
2032 3753 2128 3819 luerit
2149 3755 2329 3838 disemum,
2351 3775 2424 3838 qno·
2447 3723 2449 3730 ‚

403 3887 486 3951 niam
506 3887 566 3950 huc
587 3905 659 3950 casn
681 3885 767 3948 naalia
780 3885 873 3948 dator
892 3891 1045 3965 uspmtota
1065 3881 1116 3948 esi
1130 3881 1294 3964 parallelo..
1312 3881 1479 3964 nequidem
1495 3882 1676 3966 huiuamodi
1700 3884 1857 3950 seriem
1876 3902 2011 3952 sams
2029 3884 2193 3966 nauium
2220 3883 2309 3959 lieet,
2335 3894 2424 3968 atque

403 4015 480 4077 adeo
501 4013 559 4096 ipsi
581 4013 667 4076 ideae
687 4031 826 4076 summae
848 4009 1080 4084 contradiceret,
1110 4010 1163 4092 qui
1191 4011 1392 4100 quaptitstem
1417 4009 1534 4077 fluitem
1561 4021 1706 4094 tanquam
1725 4031 1884 4080 summan
1901 4011 2063 4112 assignare
2085 4011 2190 4077 vallet.
2224 4011 2302 4081 cun
2322 4021 2426 4083 auten

403 4141 504 4206 omnis
532 4142 692 4225 expressio
716 4141 783 4204 sire
805 4139 915 4216 iractm
941 4137 1007 4204 eive
1034 4137 1234 4213 irrationalia,
1260 4139 1326 4202 sive
1353 4140 1445 4205 ctiam
1470 4141 1692 4206 transcendens
1713 4140 1744 4204 in
1764 4140 1878 4204 seriem
1899 4137 2048 4207 inlinitum
2073 4139 2174 4204 erolvi
2201 4149 2309 4224 queat,
2335 4141 2425 4206 etiam

403 4270 540 4334 vicissim
556 4267 784 4336 concedendum
800 4279 861 4344 est,
884 4268 1043 4352 proposita
1063 4287 1245 4351 quincunque
1266 4269 1347 4332 serie
1368 4269 1435 4333 siro
1458 4277 1662 4353 consurgente
1683 4269 1751 4338 sive
1773 4267 1963 4358 divougente,
1983 4267 2048 4332 dari
2070 4269 2300 4352 expressionem
2320 4291 2426 4354 qnam

402 4398 487 4482 mam
504 4397 644 4474 linitam,
661 4420 706 4464 ex
726 4397 814 4483 enjus
833 4397 1014 4462 evolutione
1035 4395 1088 4460 itin
1109 4398 1177 4483 ipsa
1196 4397 1294 4464 series
1321 4397 1453 4464 edatur.
1490 4395 1593 4477 Quare
1617 4397 1646 4465 si
1670 4417 1689 4462 a
1714 4397 1848 4470 mauult
1874 4397 1956 4466 roob
1982 4417 2108 4462 aemes
2132 4397 2360 4482 s'gra'uficatioue
2382 4401 2425 4470 ita

402 4525 721 4610 moedus-uelimus,
747 4537 782 4592 ut
808 4527 942 4612 cujusvis
968 4525 1062 4594 seriei
1090 4547 1241 4596 summam
1268 4527 1469 4611 appellemus.
1482 4546 1548 4595 noo
1572 4536 1770 4614 agregatum
1802 4527 1939 4613 omnious
1964 4526 2178 4603 ormnem,
2204 4526 2262 4599 sed
2286 4527 2424 4604 adorem

401 4657 487 4720 illius
509 4656 690 4739 quantitatis
713 4655 831 4732 linitae,
853 4677 893 4720 ex
914 4656 1002 4739 cnjus
1024 4654 1201 4720 evolutione
1222 4656 1276 4720 iila
1297 4657 1394 4720 series
1415 4656 1561 4730 resultet,
1587 4676 1648 4719 non
1674 4653 1777 4720 solum
1802 4663 1982 4722 consuetum
2006 4655 2178 4718 snmmanffi
2205 4655 2348 4736 modum,
2373 4657 2425 4742 qai

299 4785 302 4792 ’
401 4785 479 4850 alias
503 4785 775 4850 contradictionem
802 4785 987 4860 involveret,
1013 4785 1111 4859 tueri,
1137 4785 1193 4850 sed
1220 4786 1325 4862 etiarn,
1353 4785 1613 4869 quomadmodum
1635 4785 1799 4852 summatio
1820 4785 1971 4852 striarum
1992 4783 2213 4868 dirergentinm
2233 4785 2266 4848 in
2289 4805 2425 4852 errorem

401 4909 463 4977 noir
491 4911 630 4987 inducat,
657 4913 813 4996 explicare
840 4913 1020 4995 poterimus,
1056 4910 1208 4985 Quoniam
1239 4913 1334 4996 igitur
1360 4912 1555 4977 definitiones
1581 4912 1803 4976 vocabulorum
1833 4919 1906 4976 sunt
1930 4911 2112 4976 arbitrariae
2140 4910 2257 4991 (saltem
2283 4913 2342 4978 nisi
2367 4913 2425 4980 silti

401 5041 488 5125 ipsae
510 5047 667 5124 pugnent),
688 5043 713 5104 si
736 5042 793 5105 hac
812 5040 989 5104 delinitione
1011 5051 1090 5118 ntor,
1114 5049 1147 5104 ut
1170 5041 1268 5104 dicam
1290 5041 1383 5106 seriei
1405 5043 1556 5127 cujusque
1577 5061 1729 5106 summam
1751 5061 1820 5106 esse
1835 5041 1972 5106 valorem
1994 5041 2060 5126 ejus
2082 5039 2289 5127 expressionis
2310 5011 2425 5124 linitae,

402 5189 442 5236 ea
463 5173 551 5256 cujus
573 5171 750 5235 evolutione
772 5169 824 5234 illa
841 5173 912 5253 'ipsa
934 5169 1184 5270 sedes‘oriatur,
1213 5172 1310 5234 omnis
1332 5171 1482 5236 dubitatio
1508 5181 1602 5255 atquo
1628 5171 1830 5256 repugnantia
1856 5169 1996 5236 iundrtos
2018 5169 2156 5252 tolletur.
2189 5171 2321 5256 Hocque
2348 5173 2426 5240 adeo

401 5319 496 5364 senso
521 5297 589 5363 sine
615 5297 678 5362 ulla
704 5297 941 5362 contradictione
964 5299 1119 5362 affirmare
1144 5297 1249 5363 licebit
1265 5321 1341 5368 esse
1365 5301 1609 5380 1-449-
1623 5293 1767 5384 ae÷25
1782 5335 1820 5347 —
1834 5301 1930 5364 iii—a-
1951 5301 2119 5377 ete..=t),
2140 5300 2213 5384 qnia
2232 5299 2309 5364 haee
2329 5299 2425 5366 aeriea

402 5449 502 5514 oritur
523 5469 562 5513 ex
584 5449 762 5513 evolutione
782 5448 990 5532 expressionis
1009 5405 1142 5572 (ἕξ-11),
1155 5449 1252 5522 :03v
1271 5446 1427 5533 similique
1449 5445 1541 5509 rnodo
1562 5445 1627 5511 erit
1652 5445 1981 5514 t-t-2-s-l-a-8-t-
1995 5447 2088 5516 tG-a-
2112 5455 2172 5512 ete.
2192 5473 2290 5506 .-.-.-
2303 5451 2334 5516 i.
2369 5449 2423 5516 Ge·

402 5609 504 5663 terum
526 5617 600 5662 vero
621 5598 791 5664 notandum
813 5607 874 5675 est,
897 5597 1017 5681 quoties
1039 5599 1136 5661 series
1159 5597 1251 5660 inerit
1273 5617 1475 5680 convergens,
1501 5605 1567 5660 tum
1587 5614 1699 5658 novam
1721 5595 1813 5659 istam
1833 5613 1975 5660 sumone
1999 5593 2158 5686 notionem
2183 5615 2253 5660 eam
2278 5609 2426 5666 oonsnsta

402 5729 584 5810 congruere,
606 5745 645 5790 ex
667 5747 729 5809 qno
750 5726 836 5790 nulla
859 5726 998 5791 confusio
1020 5747 1059 5790 ex
1078 5725 1303 5793 introductione
1324 5689 1415 5812 huius
1439 5724 1655 5790 novae-tubae
1676 5722 1736 5826 erit
1757 5723 1934 5790 metuenda.
1971 5721 2039 5813 llos
2059 5725 2174 5807 posito,
2202 5727 2343 5810 quaestio
2364 5749 2424 5793 nen

402 5854 464 5920 erit
482 5855 632 5930 marinna,
652 5855 678 5918 si
702 5873 846 5938 quaeram
868 5871 1022 5920 sommam
1044 5855 1138 5940 hujus
1161 5855 1253 5918 seriei
1279 5855 1411 5918 maxime
1433 5854 1619 5940 divergentis
1647 5849 1886 5920 t-2÷e-
1900 5849 2121 5919 lla-120·
2135 5855 2251 5921 7204-
2271 5865 2348 5934 ete.;
2370 5852 2423 5922 de-
2506 5925 2511 5934 ,

401 5981 506 6048 sidero
521 5981 601 6048 enini
617 5982 754 6047 valorem
769 5984 948 6066 quantitatis
963 5983 1082 6062 linitae,
1104 6004 1143 6048 ex
1164 5985 1252 6068 eujus
1271 5982 1447 6047 evolutione
1465 5983 1524 6046 ista
1538 5982 1636 6046 series
1651 5981 1783 6059 oriatur,
1805 5987 1836 6046 et
1857 6001 1927 6045 oum
1949 5979 2008 6044 ista
2024 5981 2178 6064 quantitas
2199 5981 2241 6047 sit
2265 5993 2425 6051 transean-

401 6113 492 6188 dena,
512 6111 642 6174 sufficiet
656 6111 722 6195 ejus
739 6111 875 6176 valorem
891 6121 1009 6177 tantum
1025 6113 1163 6197 proxime
1177 6113 1359 6196 assignasse.
1379 6111 1486 6178 lnreni
1507 6121 1610 6176 autem
1631 6109 1715 6175 hunc
1735 6110 1871 6176 valorem
1892 6130 1950 6174 seu
1972 6129 2124 6174 summam
2137 6111 2203 6177 iore
2217 6113 2422 6192 :caestu

399 6237 506 6324 sieque
527 6239 677 6304 minorem
700 6258 792 6324 qnam
814 6242 974 6307 semissem
997 6243 1133 6308 unitatis.
1168 6241 1281 6328 Contra
1303 6241 1385 6306 hunc
1407 6240 1598 6327 concipiendi
1625 6239 1758 6308 modona
1774 6237 1849 6306 nihil
1872 6239 1955 6306 aliud
1977 6239 2051 6306 milui
2073 6239 2197 6326 quidem
2218 6241 2309 6326 objici
2331 6261 2422 6328 poase
