5192 7068
654 678 658 685 Ι
745 569 928 646 11ιιι1ιιιιιε
956 567 998 644 de
1025 591 1257 644 numeroram
1285 567 1449 644 doctrtho
1484 563 1572 672 Cap.
1598 563 1641 642 l.
2171 567 2196 644 5

273 781 333 854 27.
380 772 537 878 ¹hiultipla
564 805 649 878 ergo
676 786 775 856 nohis
791 795 893 856 erunt
916 781 1082 880 ejusmodi
1108 785 1258 863 numeri,
1283 785 1342 878 qui
1367 782 1554 877 cujuspiam
1582 785 1732 868 numeri,
1757 794 1891 876 praeter
1909 790 2089 872 unitatem,
2117 798 2197 858 sunt

178 925 331 1022 multiple
357 897 506 1020 (excluso
526 925 676 1020 simplo),
704 925 909 998 constabunt
933 947 1019 1019 ergo
1044 925 1178 996 duobus
1195 920 1399 1008 lectoribus,
1425 945 1570 1017 quorum
1588 924 1676 996 alter
1699 925 1840 1020 alterius
1857 938 2014 1019 respectu
2037 937 2196 1022 tanquam

180 1063 278 1136 index
301 1069 445 1160 spectari
471 1077 593 1168 potest.

277 1209 337 1278 28.
387 1183 527 1280 Factum
553 1231 637 1302 ergo
662 1209 721 1296 oh,
762 1197 861 1306 cujus
885 1205 1034 1280 factores
1059 1213 1139 1280 sunt
1163 1230 1186 1278 o
1210 1219 1246 1278 et
1271 1208 1308 1293 h,
1341 1219 1393 1278 est
1418 1207 1610 1302 multiplum
1635 1217 1704 1278 tam
1730 1210 1835 1304 ipsius
1860 1231 1882 1278 o
1907 1229 2007 1302 quam
2032 1210 2136 1303 ipsius
2162 1211 2194 1280 1).

180 1346 355 1430 Quatenus
379 1359 431 1418 est
455 1350 646 1444 multiplum
671 1354 774 1444 ipsius
798 1373 840 1437 ιι,
871 1349 969 1420 index
995 1361 1046 1420 est
1071 1349 1110 1438 h,
1141 1360 1306 1444 quatenus
1331 1360 1445 1422 autem
1470 1359 1523 1420 est
1547 1321 1737 1443 multiplum
1763 1350 1867 1443 ipsius
1891 1350 1931 1436 1),
1964 1349 2061 1420 index
2088 1361 2138 1421 est
2164 1373 2195 1420 a.

278 1491 339 1558 23.
390 1487 545 1582 llultipla
576 1488 680 1584 hujus
712 1487 795 1562 lacti
821 1493 864 1562 ob
890 1493 989 1562 simul
1014 1501 1114 1561 erunt
1142 1491 1293 1583 multiple
1320 1501 1388 1559 tam
1415 1492 1584 1582 ipsiuso,
1621 1512 1720 1583 quarn
1747 1490 1907 1584 ipsiush.
1959 1489 2011 1560 Sit
2036 1491 2105 1560 noh
2127 1492 2195 1561 tale

180 1628 389 1722 multiplum,
427 1630 526 1724 cujus
550 1629 648 1701 index
673 1635 718 1702 sit
743 1656 785 1720 ιι,
825 1643 860 1704 et
884 1635 960 1728 quia
986 1635 1083 1702 etiam
1111 1641 1163 1701 est
1189 1631 1415 1724 multiplum
1406 1633 1577 1770 ipsiusa,
1617 1633 1682 1700 erit
1711 1631 1904 1754 multiplum
1931 1630 2196 1726 uniuscujusque

181 1749 305 1839 horum
330 1792 615 1858 numerorumn,
639 1775 778 1845 aeth.

280 1933 338 2002 30.
391 1931 476 2002 Hinc
501 1945 596 2028 patet
621 1939 750 2005 etiam
741 1958 774 2006 ιι
800 1931 891 2008 1ιιιο
911 1959 951 2006 ex
976 1935 1087 2006 trihus
1106 1932 1290 2007 factoribus
1307 1944 1501 2021 constante,
1528 1945 1597 2004 tres
1621 1929 1768 2004 lectores
1792 1937 1881 2005 inter
1905 1958 1940 2006 se
1965 1958 2039 2005 esse
2065 1957 2199 2029 permu-

180 2071 317 2158 tabiles,
344 2083 444 2166 atque
470 2076 536 2144 tale
562 2065 689 2148 lactum
715 2077 779 2160 ahc
798 2100 868 2148 non
887 2077 996 2148 solum
1018 2099 1091 2148 esse
1112 2077 1302 2169 multiplum
1324 2076 1537 2167 singulorum
1561 2097 1599 2162 o,
1625 2077 1663 2163 h,
1690 2098 1724 2160 c,
1754 2076 1814 2147 sed
1843 2079 1940 2146 etiam
1965 2072 2135 2148 factorum
2161 2099 2199 2145 ex

182 2211 268 2282 binis
293 2213 354 2300 oh,
380 2235 437 2296 oo,
462 2213 512 2286 hc.
1091 2179 1093 2182 Ι
1763 2187 1767 2196 ¹
1887 2315 1889 2319 .

280 2355 339 2424 31.
392 2355 428 2428 81
455 2359 487 2426 in
513 2361 598 2427 serie
625 2333 853 2431 numerorum.
872 2366 902 2448 1,
929 2363 966 2447 2,
993 2365 1026 2446 3,
1053 2366 1085 2447 t,
1115 2364 1146 2446 5,
1175 2361 1208 2444 6,
1236 2363 1269 2443 7,
1296 2367 1359 2426 etc.
1388 2359 1498 2442 omnia
1520 2357 1673 2452 multiple
1700 2358 1893 2446 deleantur,
1921 2359 2041 2454 reliqui
2067 2361 2197 2428 numeri

183 2517 251 2566 uon
276 2506 381 2582 erunt,
401 2497 555 2591 multiple
575 2501 680 2571 ullius
697 2504 828 2573 numeri
849 2500 1138 2597 (quandoquidem
1164 2500 1280 2594 simpla
1305 2497 1540 2594 excludimus),
1568 2499 1670 2596 hique
1692 2503 1820 2600 numeri
1837 2511 2002 2572 vocantur
2025 2482 2199 2596 suplices,

183 2635 234 2706 vel
256 2641 371 2729 primi.
700 2735 704 2740 Ι
957 2723 961 2732 ,
1257 2599 1259 2604 ¹
1424 2723 1426 2728 Ι
1867 2611 1871 2619 ¹
1952 2605 1955 2612 Ι

231 2785 234 2790 ’
281 2803 341 2873 32.
383 2803 522 2881 {teletis
547 2789 676 2886 scilicet
701 2803 861 2898 multiplis
887 2805 1003 2876 binarii
1038 2808 1070 2891 t,
1098 2807 1131 2890 6,
1159 2805 1192 2898 8,
1223 2807 1279 2888 111,
1308 2807 1364 2888 12,
1391 2814 1456 2874 ιιι.
1489 2778 1594 2874 restat
1619 2771 1703 2874 haec
1729 2807 1831 2878 series
1861 2813 1901 2892 l„
1919 2807 1953 2892 2,
1980 2807 2013 2889 3,
2043 2807 2077 2887 5,
2105 2805 2137 2887 7,
2163 2767 2200 2884 a,
2284 2829 2287 2835 ·

185 2946 248 3026 11,
278 2944 336 3036 13,
367 2947 421 3032 15,
452 2947 506 3030 17,
538 2948 591 3032 13,
620 2948 678 3032 21,
704 2945 894 3029 ιιι.;1ιίιιι
925 2969 1030 3040 porro
1060 2949 1300 3040 extinguantur
1329 2945 1481 3038 multiple
1507 2948 1644 3030 terualli
1671 2949 1703 3032 6,
1731 2949 1764 3032 3,
1796 2950 1853 3032 12,
1880 2951 1937 3038 15,
1968 2948 2024 3030 18,
2047 2948 2107 3030 21,
2133 2941 2198 3014 eto.

185 3104 269 3174 qnae
307 3084 441 3178 quidem
480 3083 594 3156 adhuc
632 3084 774 3172 adsunt,
813 3097 849 3156 et
886 3071 991 3158 restat
1028 3091 1063 3166 1,
1088 3090 1122 3174 2,
1151 3090 1183 3172 3,
1213 3092 1244 3171 5,
1274 3091 1306 3171 7,
1338 3093 1392 3172 11,
1424 3089 1478 3174 13,
1501 3089 1563 3177 Ι17,
1595 3089 1650 3170 19,
1675 3089 1733 3170 23,
1761 3097 1845 3176 etc.;
1884 3089 1929 3174 ita
1967 3073 2200 3178 relinquentur

185 3225 317 3297 undem
344 3230 475 3298 numeri
503 3230 601 3321 primi
629 3235 661 3313 1,
686 3229 721 3312 ι,
749 3231 781 3314 3,
811 3233 843 3315 s,
872 3233 906 3314 ι,
936 3192 995 3314 ιι,
1021 3231 1076 3316 13,
1108 3232 1163 3313 ιι,
1195 3230 1249 3312 ιι),
1274 3229 1333 3314 ιι,
1361 3191 1419 3314 ιι,
1448 3231 1505 3314 ιι,
1535 3231 1594 3312 ιι,
1622 3221 1679 3312 ιι,
1707 3229 1764 3311 ιι,
1793 3230 1862 3316 ιι,
1879 3229 1935 3312 ss,
1965 3229 2021 3314 ss,
2047 3237 2115 3296 ιιι.
2139 3201 2142 3208 ’
2300 3202 2304 3210 ’

285 3369 344 3441 33.
396 3368 430 3437 81
458 3391 588 3462 ergop
614 3369 657 3437 sit
683 3392 842 3440 numerus
866 3373 1010 3462 primm,
1038 3373 1065 3439 is
1091 3391 1202 3462 neque
1229 3371 1317 3438 inter
1337 3368 1488 3461 multipla
1515 3367 1632 3438 binarii
1658 3391 1765 3461 neque
1792 3369 1880 3438 inter
1904 3367 2056 3460 multiple
2083 3367 2201 3480 cujus-

100 3484 103 3490 *
146 3556 148 3560 -
185 3469 282 3604 quam
308 3509 392 3580 alius
422 3513 549 3579 numeri
581 3512 746 3594 occurrit,
777 3535 886 3604 neque
917 3533 1000 3604 ergo
1026 3507 1221 3603 hujusmodi
1246 3505 1339 3580 sacto
1365 3507 1407 3578 oh
1432 3509 1505 3580 ullo
1537 3507 1640 3580 modo
1665 3507 1812 3578 exhiheri
1838 3517 1964 3626 potest,
1991 3509 2053 3596 nisi
2080 3509 2123 3576 sit
2149 3509 2202 3634 vel

185 3673 263 3720 o=
283 3657 320 3734 1,
347 3649 513 3720 vell:
532 3655 545 3718 1
558 3673 680 3742 q,uos
705 3661 817 3721 autem
845 3675 943 3724 casus
968 3652 1168 3722 exclusimus
1195 3637 1285 3744 (26).

284 3817 341 3884 tt.
394 3812 519 3884 Omnes
544 3815 692 3900 numeri,
720 3779 776 3908 qui
802 3838 871 3886 non
889 3825 969 3885 sunt
993 3815 1106 3908 primi,
1135 3823 1302 3902 vocantur
1328 3817 1515 3908 compositi,-
1531 3871 1534 3878 .
1550 3801 1638 3883 unde
1664 3823 1757 3906 patet
1781 3774 1901 3882 omnes·
1923 3833 2082 3884 numeros
2106 3831 2201 3918 com-

188 3956 314 4048 positos
339 3975 410 4024 esse
436 3953 588 4055 multiple
622 3955 762 4028 aliorum
788 3977 1014 4027 numerorum
1031 3915 1223 4040 minorum,
1241 3955 1297 4047 qui
1324 3977 1401 4024 cum
1417 3941 1548 4024 'iterum
1574 3957 1648 4024 sint¹
1667 3956 1778 4046 primi,
1796 3953 1857 4055 'vel
1885 3952 2040 4044 multipla-
2059 3931 2202 4022 aliorum

187 4095 300 4167 denuo
331 4097 512 4180 minorum,
552 4096 701 4189 multiple
735 4091 848 4166 autem
885 4061 1036 4191 cujusvis
1069 4093 1225 4188 producti
1257 4097 1326 4164 sint
1349 4095 1454 4166 simul
1486 4089 1637 4187 multiple
1671 4094 1884 4188 singulorum
1912 4092 1990 4187 ejus
2020 4086 2201 4176 laetorum,

192 4233 349 4331 sequitur
366 4258 483 4308 omnes
510 4257 667 4345 numeros
692 4240 899 4330 compositos
925 4236 1062 4306 tandem
1087 4233 1202 4305 reduci
1227 4233 1272 4305 ad
1297 4236 1450 4329 multiple
1477 4257 1692 4306 numerorum
1718 4237 1911 4328 primorum.

292 4379 351 4448 35.
403 4373 521 4445 Omnis
546 4371 629 4494 erg'o
654 4399 815 4484 numerus
834 4388 886 4446 est
906 4379 957 4448 vel
978 4380 1122 4471 primus,
1149 4375 1202 4445 vel
1223 4351 1415 4469 multiplum
1435 4376 1622 4470 cujuspiam
1642 4377 1771 4446 numeri
1798 4376 1910 4466 primi,
1937 4393 2005 4466 quo
2025 4371 2202 4493 posteriori

191 4542 270 4590 casu
296 4541 372 4588 cum
401 4493 560 4587 numerus
584 4519 627 4586 sit
653 4521 876 4611 compositus,
902 4521 1011 4590 omnis
1026 4540 1197 4634 numerus
1215 4519 1421 4610 compositus
1439 4516 1587 4618 exhiheri
1614 4525 1726 4610 potest
1750 4513 1930 4609 producto,
1958 4512 2055 4606 cujus
2078 4500 2201 4602 singuli
2265 4499 2268 4506 ’

186 4657 332 4731 lectores
356 4661 423 4728 sint
447 4659 576 4728 numeri
602 4661 709 4751 primi.
909 4653 912 4659 ’

287 4823 345 4894 36.
397 4820 488 4891 luter
519 4841 675 4892 numeros
707 4824 912 4915 compositos
945 4825 1086 4916 primum
1122 4831 1310 4892 occurrunt
1340 4822 1377 4906 ii,
1400 4823 1479 4928 'qui
1509 4829 1667 4890 constant
1698 4817 1829 4890 duobus
1858 4825 1989 4886 tantum
2018 4810 2203 4906 lectoribus

189 4965 314 5056 primis.
367 4959 483 5032 Veluti
509 4964 535 5030 si
557 4986 583 5055 p
610 4973 646 5032 et
672 4986 694 5056 q
719 4961 880 5034 denotent
906 4962 991 5036 duos
1016 4984 1176 5033 numeros
1201 4965 1328 5055 primos
1347 4982 1580 5056 quoscunque,
1606 4957 1811 5054 productum
1831 4980 1879 5051 pq
1903 4955 1938 5024 in
1962 4976 2085 5048 genere
2110 4952 2205 5022 exhi-

192 5103 282 5174 hehit
306 5101 471 5198 ejusmodi
498 5125 657 5173 numeros
682 5107 887 5198 compositos
913 5107 1037 5198 primae
1062 5105 1202 5198 speciei,
1228 5105 1284 5196 qui
1312 5101 1444 5174 duobus
1467 5109 1601 5172 tantum
1626 5110 1785 5171 constant
1808 5095 1993 5170 lectoribus
2017 5088 2142 5188 primis.
2240 5197 2242 5202 Ι

291 5269 356 5338 37.“
400 5265 494 5336 Talis
519 5287 603 5359 ergo
628 5281 790 5337 numerus
816 5271 1025 5360 compositus
1046 5291 1093 5361 pq
1111 5267 1175 5336 erit
1198 5276 1268 5336 tam
1289 5265 1481 5358 multiplum
1500 5265 1629 5332 numeri
1652 5287 1694 5355 q,
1722 5259 1828 5332 indice
1854 5263 2015 5330 existente
2035 5281 2077 5352 p,
2103 5277 2203 5349 quam

191 5407 379 5501 multiplum
399 5409 506 5502 ipsius
525 5432 572 5501 p,
600 5406 711 5478 indice
733 5410 892 5478 existente
917 5434 956 5502 q,
982 5431 1090 5501 neque
1116 5429 1197 5479 vero
1224 5407 1326 5478 ullius
1344 5407 1431 5476 alius
1453 5407 1585 5476 numeri
1611 5406 1676 5474 erit
1695 5401 1896 5498 multiplum.
1948 5399 1984 5469 Si
2002 5401 2090 5468 enim
2116 5405 2204 5465 esset
2277 5379 2280 5386 ’

192 5547 383 5642 multiplum
416 5548 504 5620 alius
543 5549 729 5643 cujuspiam
761 5551 888 5619 numeri
922 5571 961 5630 o,
1001 5547 1111 5620 indice
1144 5551 1305 5618 existente
1337 5547 1372 5631 h,
1410 5546 1446 5616 hi
1478 5548 1606 5617 numeri
1637 5555 1718 5615 oet
1744 5543 1764 5612 h
1795 5542 1869 5638 ejus
1894 5549 2009 5609 essent
2039 5532 2207 5620 lectores,

190 5699 304 5772 contre
329 5688 542 5782 hypothesin.

290 5852 349 5920 38.
402 5849 604 5945 llujusmodi
638 5861 750 5920 autem
783 5851 986 5945 productum
1015 5875 1081 5945 po,
1114 5851 1213 5946 cujus
1243 5852 1375 5946 quidem
1407 5847 1560 5944 laotorp
1587 5861 1639 5920 est
1670 5851 1811 5943 primus,
1843 5843 1928 5914 alter
1957 5862 2038 5911 xero
2064 5860 2085 5908 o
2110 5860 2205 5907 com-

191 5995 332 6082 positus,
359 5985 506 6061 factores
532 5991 659 6062 hahens
683 6017 716 6076 α,
743 5993 786 6076 at,
813 6017 849 6082 y,
876 6004 954 6080 etc,
982 5993 1178 6064 nonsolum
1204 5997 1267 6062 erit
1287 5993 1475 6086 multiplum
1501 6010 1761 6080 numerorump
1788 5996 1823 6056 et
1846 6007 1883 6066 o,
1909 5982 1966 6053 sed
1991 5982 2089 6050 etiam
2117 5981 2203 6047 inter

189 6131 338 6226 multiple
364 6107 579 6202 numerorum
605 6161 638 6216 α,
662 6133 705 6218 β,
733 6157 766 6220 y,
792 6143 858 6204 etc:
886 6145 1053 6205 occurret.
