5108 7080
984 1855 1228 2021 [un

140 2237 147 2248 '
184 2243 273 2327 lte
296 2185 475 2328 ¹lineis
513 2243 712 2368 curvis,
750 2261 974 2368 quarunt
1011 2243 1338 2328 rectificatio
1372 2261 1469 2344 per
1505 2241 1688 2372 datam
1724 2243 2108 2346 quadraturam

641 2431 647 2440 ·
698 2389 701 2396 ’
975 2385 1329 2475 mensuratur.

146 2863 151 2874 ·
237 2837 272 2908 i.
324 2833 414 2910 Satis
438 2845 557 2908 notum
584 2845 637 2908 est
661 2827 832 2932 problema
858 2837 949 2908 inter
974 2835 1172 2911 Geometras
1197 2838 1278 2910 olim
1304 2835 1449 2910 multum
1474 2805 1653 2932 agitatum,
1679 2859 1747 2932 quo
1772 2835 1880 2910 lineae
1905 2859 2030 2909 curvae
2056 2857 2164 2933 quae·

140 2975 311 3065 rebantur,
337 2994 481 3072 quarum
499 2971 701 3050 rectificatio
720 3001 740 3048 a
760 2977 859 3050 datae
878 2999 1001 3051 curvae
1020 2979 1227 3075 quadratura
1253 2978 1409 3075 pendeat,
1438 2979 1537 3074 cujus
1561 2979 1766 3050 solutionem
1790 2981 1891 3050 etiam
1910 2962 2164 3054 hermannus

139 3117 255 3192 beatae
281 3121 463 3191 memoriae
486 3129 609 3192 contra
631 3123 915 3216 exspectationem
940 3140 1150 3194 summorum
1176 3121 1430 3195 Geometrarum
1457 3123 1505 3191 lta
1529 3115 1879 3216 feliciterexpedivit,
1905 3131 1945 3195 ut
1964 3142 2033 3194 uon
2052 3122 2162 3194 solum

140 3253 289 3334 infinitas
313 3281 435 3336 cumas
458 3259 682 3358 algehralcas,
700 3284 857 3364 'quanm
887 3258 1091 3338 rectificatio
1121 3288 1140 3335 a
1167 3263 1251 3379 'data
1277 3261 1487 3380 quadratura¹
1510 3260 1694 3358 'mederet
1732 3263 1935 3352 exhibuerit,
1973 3259 2163 3338 sedetiam

141 3399 226 3476 banc
249 3401 482 3478 conditionem
508 3403 710 3502 adjunxerit,
738 3416 777 3478 ut
802 3407 887 3478 istae
913 3429 1035 3478 curvae
1065 3429 1171 3478 uuum
1201 3405 1329 3480 duosve
1354 3417 1457 3500 atque
1485 3403 1572 3481 adeo
1596 3415 1666 3492 tot,
1692 3415 1776 3500 quot
1801 3405 1966 3493 lubuerit,
1998 3403 2164 3487 haberant

141 3566 236 3618 arcus
260 3545 417 3620 absolute
446 3540 698 3623 rectificabiles.
749 3545 833 3622 cum
861 3559 978 3620 autem
1008 3547 1208 3652 methodus,
1244 3571 1310 3646 qua
1340 3545 1588 3650 hermannus
1618 3557 1818 3650 natusne,
1854 3549 1956 3618 nimis
1992 3549 2163 3648 videretur

142 3685 331 3773 recemiro,
367 3708 476 3782 neque
508 3687 553 3782 ad
583 3687 774 3760 uberiorem
806 3711 902 3760 usum
927 3687 968 3786 in
1002 3674 1139 3780 Analy'si
1174 3667 1259 3760 ¹satis
1290 3683 1560 3776 accommodata,
1597 3685 1697 3758 aliam
1726 3685 1924 3760 methodum
1955 3653 2088 3784 planam
2111 3709 2160 3772 ac

143 3817 271 3899 iacilem
296 3831 516 3924 investigavi„
534 3798 633 3924 cujus
659 3851 724 3925 epe
751 3792 821 3936 non
844 3831 953 3903 solum
978 3829 1047 3902 hoc
1073 3827 1256 3924 problema,
1283 3827 1342 3900 sed
1368 3831 1468 3899 etiam
1493 3829 1616 3916 omnia,
1642 3851 1728 3924 quae
1753 3824 1858 3926 hujus
1882 3796 2159 3926 generisoccur·

143 3989 213 4041 rere
236 3980 380 4068 queant,
414 3968 568 4068 expedite
598 3969 717 4044 resolvi
749 3982 902 4068 possunt.
952 3968 1196 4066 complectitur
1221 3972 1284 4041 ista
1310 3967 1492 4041 methodus
1522 3971 1616 4066 quasi
1643 3991 1762 4042 novam
1790 3967 1977 4060 Aualyseos
2002 3974 2159 4066 speciem,

143 4087 235 4212 eujus
261 4111 437 4201 elementa,
464 4097 550 4210 quae
575 4115 682 4188 multo
707 4095 811 4188 latius
830 4125 944 4212 patere
966 4112 1135 4201 videntur,
1163 4110 1311 4184 dilucide
1334 4111 1474 4206 exposui
1490 4113 1526 4181 in
1542 4108 1647 4182 Novis
1671 4107 1929 4183 Commentariis
1958 4110 2160 4183 Academiae

144 4247 319 4346 imperialis
344 4224 622 4349 Petropolitauae.
1202 4223 1205 4232 Ι

235 4391 274 4465 2.
324 4391 433 4489 liujus
471 4390 621 4466 methodi
658 4387 843 4483 beneficio,
885 4397 914 4467 sl
951 4405 1161 4490 proponatur
1183 4357 1407 4488 'quadratura
1444 4413 1504 4464 seu
1539 4383 1685 4463 iormula
1729 4388 1902 4485 integralis
1940 4413 2159 4488 quaecunque

145 4527 277 4625 szaz,
304 4518 472 4606 existente
493 4533 523 4606 Z
544 4532 718 4608 iunctione
741 4538 846 4631 ipsius
862 4501 891 4607 e
915 4557 1132 4630 quacunque,
1166 4533 1425 4605 innumerabiles
1456 4555 1578 4604 curvae
1610 4531 1819 4628 algebraicae
1846 4526 1980 4603 definiri
2007 4541 2161 4627 possunt,

144 4693 284 4768 quarum
305 4669 508 4749 rectificatio
531 4669 575 4747 ab
599 4679 663 4748 ista
688 4667 831 4750 hemula
856 4679 901 4748 ita
928 4675 1081 4771 madeat,
1108 4657 1246 4770 ut'ejua
1271 4675 1499 4768 integratione
1525 4695 1682 4746 concessa
1702 4695 1818 4746 omnes
1838 4673 1956 4745 harum
1977 4691 2164 4744 curvarum·

144 4833 238 4892 trem
256 4811 439 4897 ,indefinita
464 4810 598 4892 definiri
623 4826 764 4912 queant.
814 4817 876 4890 Per
913 4816 1107 4910 variabilem
1131 4817 1276 4888 scilicet
1313 4836 1345 4885 z.
1373 4814 1541 4911 ejusmodi
1580 4817 1812 4910 expressiones
1847 4813 2058 4909 algebralcae
2095 4835 2160 4909 pro

144 4957 344 5032 mordinatis
365 4981 394 5032 e
418 4970 456 5031 et
476 4967 508 5048 γ’
529 4963 760 5053 assignantur,
783 4969 823 5034 ut
847 4957 925 5034 inde
950 4955 1116 5036 formulae
1139 4953 1429 5056 νωθῆ-ἄγ’)
1454 4958 1637 5052 integratio
1664 4955 1869 5050 perducatur
1894 4953 1940 5030 ad
1964 4952 2162 5066 hujusmodi

145 5086 285 5170 lernam
320 5077 532 5195 csZdz'a-
549 5101 591 5186 V,
631 5099 688 5170 ubi
718 5099 751 5172 V
768 5101 812 5170 sit
836 5095 966 5173 iunctio
991 5099 1182 5198 algebraica
1197 5100 1367 5198 'ipsium
1418 5096 1551 5198 Verum
1569 5095 1848 5200 baeelquantitas
1876 5097 1909 5170 V
1926 5119 1995 5170 nou
2018 5097 2163 5193 arbitrio¹

146 5249 257 5312 necho
280 5241 492 5338 relinquitur,
517 5243 647 5312 etiamsi
672 5235 949 5330 infinitismodis
971 5244 1092 5314 variari
1119 5250 1237 5336 queat:
1269 5250 1370 5336 atque
1395 5238 1475 5310 binc
1504 5261 1568 5336 ope
1596 5236 1749 5324 methodi
1779 5263 1798 5312 a
1829 5261 1884 5310 me
1908 5237 2054 5352 traditae
2079 5259 2158 5332 pre·

145 5372 249 5462 blena
274 5404 344 5455 uon
367 5384 416 5454 ita
439 5382 563 5454 resolvi
587 5347 717 5480 potest,
746 5394 786 5456 ut
817 5351 998 5456 curvarum
1028 5381 1305 5492 inveniendarum
1335 5344 1437 5454 arcus
1463 5379 1619 5454 absolute
1647 5403 1709 5478 per
1738 5372 1919 5452 formulam
1951 5381 2163 5474 propositam,

146 5517 262 5612 sZdz
286 5513 402 5622 ejusne
427 5497 617 5622 multiplum
642 5490 790 5622 osZdz
817 5487 1057 5622 exprimantur.
1152 5629 1157 5638 Ι
1520 5485 1525 5498 .

239 5685 274 5758 3.
325 5680 466 5758 Maxime
496 5687 601 5782 igitm
628 5685 799 5762 diversum
831 5699 886 5762 est
911 5686 1099 5786 problema,
1136 5710 1205 5784 quo
1236 5696 1450 5782 quaeruntur.
1476 5708 1600 5772 curvae
1630 5683 1856 5782 algebraicae,
1894 5706 2035 5780 quarum
2060 5703 2160 5753 arcus

147 5855 204 5930 per
225 5845 431 5938 propositam
456 5847 645 5941 quampiam
670 5841 852 5934 formulam
883 5845 1082 5940 integralem
1112 5843 1154 5941 s
1155 5843 1240 5918 Zdz
1269 5844 1482 5939 simpliciter,
1514 5846 1587 5920 sine
1611 5841 1829 5940 adjunctione
1851 5838 2033 5938 ctrjusdan
2056 5833 2160 5911 iunc-

147 5993 242 6069 tionis
277 5998 487 6094 algebraicae
526 6003 766 6096 exprimantur.
774 6031 782 6057 ·-
823 6001 938 6095 Atque
972 6000 1059 6076 adeo
1095 6001 1162 6077 hoo
1204 5997 1381 6097 problema
1417 5999 1658 6096 saepenumero
1694 6019 1737 6070 ne
1774 5999 1977 6071 solutionem
2019 5991 2157 6090 quidem

148 6145 319 6230 unitura
349 6155 494 6230 vidum.
545 6155 596 6232 lta
628 6159 655 6230 si
684 6157 729 6228 ait
757 6137 907 6272 Ζ-ιξ,
944 6169 979 6228 et
1008 6179 1114 6230 curva
1145 6155 1338 6252 algabraica
1369 6159 1414 6228 cit
1445 6155 1694 6253 investiganda,
1720 6157 1819 6253 cvxjus
1842 6175 2029 6247 arcuspar
2053 6117 2161 6266 ‹rs-'35³2

148 6323 206 6382 tttt
227 6315 297 6384 elz
321 6315 539 6408 exprimatur,
577 6313 795 6390 vehementer
819 6309 955 6402 dubito,
1000 6333 1080 6386 num
1105 6315 1283 6409 quisquam
1313 6329 1462 6410 unquam
1487 6311 1679 6410 hujusmodi
1705 6333 1842 6386 curvam
1868 6314 1912 6382 sit
1936 6305 2159 6405 reperturus?
