<?xml version="1.0" encoding="UTF-8"?>
<!DOCTYPE html PUBLIC "-//W3C//DTD XHTML 1.0 Transitional//EN"
    "http://www.w3.org/TR/xhtml1/DTD/xhtml1-transitional.dtd">
<html xmlns="http://www.w3.org/1999/xhtml" xml:lang="en" lang="en">
 <head>
  <title>
</title>
<meta http-equiv="Content-Type" content="text/html;charset=utf-8" />
  <meta name='ocr-system' content='tesseract 3.04.00' />
  <meta name='ocr-capabilities' content='ocr_page ocr_carea ocr_par ocr_line ocrx_word'/>
</head>
<body>
  <div class='ocr_page' id='page_1' title='image "./leonhardieuleri00petrgoog/leonhardieuleri00petrgoog_0103.png"; bbox 0 0 5166 7072; ppageno 0'>
   <div class='ocr_carea' id='block_1_1' title="bbox 878 569 1542 650">
    <p class='ocr_par' dir='ltr' id='par_1_1' title="bbox 878 569 1542 650">
     <span class='ocr_line' id='line_1_1' title="bbox 878 569 1542 650; baseline 0.005 -2"><span class='ocrx_word' id='word_1_1' title='bbox 878 569 934 648; x_wconf 85' lang='lat' dir='ltr'><strong>De</strong></span> <span class='ocrx_word' id='word_1_2' title='bbox 968 571 1124 650; x_wconf 68' lang='lat' dir='ltr'><strong>amante</strong></span> <span class='ocrx_word' id='word_1_3' title='bbox 1156 569 1411 650; x_wconf 73' lang='lat' dir='ltr'><strong>mutandove.</strong></span> <span class='ocrx_word' id='word_1_4' title='bbox 1537 579 1542 596; x_wconf 89' lang='lat'>&#39;</span> 
     </span>
    </p>
   </div>
   <div class='ocr_carea' id='block_1_2' title="bbox 1098 1098 1375 1270">
    <p class='ocr_par' dir='ltr' id='par_1_2' title="bbox 1098 1098 1375 1270">
     <span class='ocr_line' id='line_1_2' title="bbox 1098 1098 1375 1270; baseline -0.011 0"><span class='ocrx_word' id='word_1_5' title='bbox 1098 1098 1188 1270; x_wconf 82' lang='lat' dir='ltr'><strong>ru.</strong></span> <span class='ocrx_word' id='word_1_6' title='bbox 1290 1107 1292 1112; x_wconf 51' lang='grc'><em>”</em></span> <span class='ocrx_word' id='word_1_7' title='bbox 1370 1135 1375 1145; x_wconf 85' lang='grc'><strong><em>’</em></strong></span> 
     </span>
    </p>
   </div>
   <div class='ocr_carea' id='block_1_3' title="bbox 752 1549 1512 1632">
    <p class='ocr_par' dir='ltr' id='par_1_3' title="bbox 752 1549 1512 1632">
     <span class='ocr_line' id='line_1_3' title="bbox 752 1549 1512 1632; baseline 0 -2"><span class='ocrx_word' id='word_1_8' title='bbox 752 1549 835 1630; x_wconf 78' lang='lat' dir='ltr'><strong>De</strong></span> <span class='ocrx_word' id='word_1_9' title='bbox 859 1549 1095 1630; x_wconf 77' lang='lat' dir='ltr'><strong>nannents</strong></span> <span class='ocrx_word' id='word_1_10' title='bbox 1120 1549 1512 1632; x_wconf 76' lang='lat' dir='ltr'><strong>armcablllbus.</strong></span> 
     </span>
    </p>
   </div>
   <div class='ocr_carea' id='block_1_4' title="bbox 1058 1833 1248 1847">
    <p class='ocr_par' dir='ltr' id='par_1_4' title="bbox 1058 1833 1248 1847">
     <span class='ocr_line' id='line_1_4' title="bbox 1058 1833 1248 1847; baseline 0.005 -1"><span class='ocrx_word' id='word_1_11' title='bbox 1058 1833 1248 1847; x_wconf 47' lang='lat' dir='ltr'><strong>m—-u</strong></span> 
     </span>
    </p>
   </div>
   <div class='ocr_carea' id='block_1_5' title="bbox 419 2062 1856 2152">
    <p class='ocr_par' dir='ltr' id='par_1_5' title="bbox 419 2062 1856 2152">
     <span class='ocr_line' id='line_1_5' title="bbox 419 2062 1856 2152; baseline 0.003 -24"><span class='ocrx_word' id='word_1_12' title='bbox 419 2064 514 2141; x_wconf 83' lang='lat' dir='ltr'><strong>(Cous.</strong></span> <span class='ocrx_word' id='word_1_13' title='bbox 537 2065 642 2128; x_wconf 80' lang='lat' dir='ltr'><strong>Conna.</strong></span> <span class='ocrx_word' id='word_1_14' title='bbox 664 2067 776 2128; x_wconf 72' lang='lat' dir='ltr'><strong>arithm</strong></span> <span class='ocrx_word' id='word_1_15' title='bbox 799 2067 939 2132; x_wconf 78' lang='lat' dir='ltr'><strong>Prooem</strong></span> <span class='ocrx_word' id='word_1_16' title='bbox 962 2087 1029 2151; x_wconf 88' lang='lat' dir='ltr'><strong>pag.</strong></span> <span class='ocrx_word' id='word_1_17' title='bbox 1052 2069 1149 2132; x_wconf 80' lang='lat' dir='ltr'><strong>xvii.</strong></span> <span class='ocrx_word' id='word_1_18' title='bbox 1172 2069 1208 2134; x_wconf 88' lang='lat' dir='ltr'><strong>N.</strong></span> <span class='ocrx_word' id='word_1_19' title='bbox 1233 2071 1282 2134; x_wconf 82' lang='grc'><strong>56.</strong></span> <span class='ocrx_word' id='word_1_20' title='bbox 1305 2062 1443 2134; x_wconf 84' lang='lat' dir='ltr'><strong>acchon</strong></span> <span class='ocrx_word' id='word_1_21' title='bbox 1465 2070 1572 2152; x_wconf 74' lang='lat' dir='ltr'><strong>Suppl,</strong></span> <span class='ocrx_word' id='word_1_22' title='bbox 1594 2071 1733 2134; x_wconf 90' lang='lat' dir='ltr'><strong>Proacm.</strong></span> <span class='ocrx_word' id='word_1_23' title='bbox 1755 2071 1792 2132; x_wconf 87' lang='lat' dir='ltr'><strong>N.</strong></span> <span class='ocrx_word' id='word_1_24' title='bbox 1814 2073 1856 2146; x_wconf 82' lang='grc'><strong>1.)</strong></span> 
     </span>
    </p>
   </div>
   <div class='ocr_carea' id='block_1_6' title="bbox 143 2486 2245 4416">
    <p class='ocr_par' dir='ltr' id='par_1_6' title="bbox 143 2486 2245 4416">
     <span class='ocr_line' id='line_1_6' title="bbox 210 2486 2245 2595; baseline 0.003 -33"><span class='ocrx_word' id='word_1_25' title='bbox 210 2486 251 2590; x_wconf 68' lang='lat' dir='ltr'>S</span> <span class='ocrx_word' id='word_1_26' title='bbox 278 2497 310 2562; x_wconf 88' lang='grc'><strong>1.</strong></span> <span class='ocrx_word' id='word_1_27' title='bbox 362 2489 455 2563; x_wconf 89' lang='lat' dir='ltr'><strong>luter</strong></span> <span class='ocrx_word' id='word_1_28' title='bbox 478 2495 589 2565; x_wconf 90' lang='lat' dir='ltr'><strong>omnia</strong></span> <span class='ocrx_word' id='word_1_29' title='bbox 613 2493 841 2590; x_wconf 80' lang='lat' dir='ltr'><strong>problemata,</strong></span> <span class='ocrx_word' id='word_1_30' title='bbox 873 2517 959 2589; x_wconf 89' lang='lat' dir='ltr'><strong>quae</strong></span> <span class='ocrx_word' id='word_1_31' title='bbox 985 2499 1020 2566; x_wconf 96' lang='lat' dir='ltr'><strong>in</strong></span> <span class='ocrx_word' id='word_1_32' title='bbox 1045 2493 1188 2566; x_wconf 89' lang='lat' dir='ltr'><strong>mathesi</strong></span> <span class='ocrx_word' id='word_1_33' title='bbox 1212 2496 1350 2566; x_wconf 63' lang='lat' dir='ltr'><strong>metari</strong></span> <span class='ocrx_word' id='word_1_34' title='bbox 1375 2494 1503 2581; x_wconf 80' lang='lat' dir='ltr'><strong>solent,</strong></span> <span class='ocrx_word' id='word_1_35' title='bbox 1540 2517 1631 2568; x_wconf 92' lang='lat' dir='ltr'><strong>nnnc</strong></span> <span class='ocrx_word' id='word_1_36' title='bbox 1657 2495 1792 2592; x_wconf 87' lang='lat' dir='ltr'><strong>quidem</strong></span> <span class='ocrx_word' id='word_1_37' title='bbox 1817 2521 1837 2570; x_wconf 90' lang='lat' dir='ltr'><strong>a</strong></span> <span class='ocrx_word' id='word_1_38' title='bbox 1862 2497 2028 2594; x_wconf 90' lang='lat' dir='ltr'><strong>plerisque</strong></span> <span class='ocrx_word' id='word_1_39' title='bbox 2054 2498 2146 2571; x_wconf 92' lang='lat' dir='ltr'><strong>nulla</strong></span> <span class='ocrx_word' id='word_1_40' title='bbox 2205 2541 2245 2595; x_wconf 31' lang='lat'><strong>,-</strong></span> 
     </span>
     <span class='ocr_line' id='line_1_7' title="bbox 143 2632 2149 2734; baseline 0.003 -30"><span class='ocrx_word' id='word_1_41' title='bbox 143 2633 238 2726; x_wconf 81' lang='lat' dir='ltr'><strong>magis</strong></span> <span class='ocrx_word' id='word_1_42' title='bbox 260 2632 385 2704; x_wconf 85' lang='lat' dir='ltr'><strong>sterilia</strong></span> <span class='ocrx_word' id='word_1_43' title='bbox 409 2643 512 2728; x_wconf 84' lang='lat' dir='ltr'><strong>atque</strong></span> <span class='ocrx_word' id='word_1_44' title='bbox 535 2633 578 2703; x_wconf 87' lang='lat' dir='ltr'><strong>ab</strong></span> <span class='ocrx_word' id='word_1_45' title='bbox 604 2637 696 2704; x_wconf 90' lang='lat' dir='ltr'><strong>omni</strong></span> <span class='ocrx_word' id='word_1_46' title='bbox 719 2656 784 2706; x_wconf 89' lang='lat' dir='ltr'><strong>usn</strong></span> <span class='ocrx_word' id='word_1_47' title='bbox 807 2633 1023 2707; x_wconf 81' lang='lat' dir='ltr'>abhorrentia</span> <span class='ocrx_word' id='word_1_48' title='bbox 1048 2637 1293 2725; x_wconf 75' lang='lat' dir='ltr'><strong>existimantur,</strong></span> <span class='ocrx_word' id='word_1_49' title='bbox 1323 2657 1424 2732; x_wconf 87' lang='lat' dir='ltr'><strong>quam</strong></span> <span class='ocrx_word' id='word_1_50' title='bbox 1448 2659 1503 2723; x_wconf 91' lang='lat' dir='ltr'><strong>ea,</strong></span> <span class='ocrx_word' id='word_1_51' title='bbox 1531 2659 1615 2731; x_wconf 90' lang='lat' dir='ltr'><strong>quac</strong></span> <span class='ocrx_word' id='word_1_52' title='bbox 1641 2641 1676 2708; x_wconf 93' lang='lat' dir='ltr'><strong>in</strong></span> <span class='ocrx_word' id='word_1_53' title='bbox 1700 2638 1985 2734; x_wconf 82' lang='lat' dir='ltr'><strong>contemplatione</strong></span> <span class='ocrx_word' id='word_1_54' title='bbox 2011 2651 2149 2713; x_wconf 90' lang='lat' dir='ltr'><strong>naturae</strong></span> 
     </span>
     <span class='ocr_line' id='line_1_8' title="bbox 143 2772 2150 2873; baseline 0.001 -29"><span class='ocrx_word' id='word_1_55' title='bbox 143 2796 348 2849; x_wconf 87' lang='lat' dir='ltr'><strong>numerorum</strong></span> <span class='ocrx_word' id='word_1_56' title='bbox 376 2785 412 2846; x_wconf 90' lang='lat' dir='ltr'><strong>et</strong></span> <span class='ocrx_word' id='word_1_57' title='bbox 440 2772 624 2846; x_wconf 89' lang='lat' dir='ltr'><strong>divisorum</strong></span> <span class='ocrx_word' id='word_1_58' title='bbox 654 2777 910 2869; x_wconf 78' lang='lat' dir='ltr'><strong>investigatione</strong></span> <span class='ocrx_word' id='word_1_59' title='bbox 943 2786 1128 2848; x_wconf 86' lang='lat' dir='ltr'><strong>versantur.</strong></span> <span class='ocrx_word' id='word_1_60' title='bbox 1180 2777 1219 2850; x_wconf 93' lang='lat' dir='ltr'><strong>ln</strong></span> <span class='ocrx_word' id='word_1_61' title='bbox 1249 2799 1316 2872; x_wconf 90' lang='lat' dir='ltr'><strong>quo</strong></span> <span class='ocrx_word' id='word_1_62' title='bbox 1342 2776 1473 2873; x_wconf 91' lang='lat' dir='ltr'><strong>judicio</strong></span> <span class='ocrx_word' id='word_1_63' title='bbox 1499 2778 1656 2851; x_wconf 85' lang='lat' dir='ltr'><strong>hodierni</strong></span> <span class='ocrx_word' id='word_1_64' title='bbox 1683 2779 1909 2850; x_wconf 87' lang='lat' dir='ltr'><strong>mathematici</strong></span> <span class='ocrx_word' id='word_1_65' title='bbox 1933 2801 1953 2850; x_wconf 90' lang='lat' dir='ltr'><strong>a</strong></span> <span class='ocrx_word' id='word_1_66' title='bbox 1978 2775 2150 2850; x_wconf 88' lang='lat' dir='ltr'><strong>veteribus</strong></span> 
     </span>
     <span class='ocr_line' id='line_1_9' title="bbox 143 2913 2151 3019; baseline 0 -33"><span class='ocrx_word' id='word_1_67' title='bbox 143 2935 202 2986; x_wconf 91' lang='lat' dir='ltr'><strong>non</strong></span> <span class='ocrx_word' id='word_1_68' title='bbox 233 2913 447 2988; x_wconf 83' lang='lat' dir='ltr'><strong>mediocriter</strong></span> <span class='ocrx_word' id='word_1_69' title='bbox 483 2913 702 3003; x_wconf 83' lang='lat' dir='ltr'><strong>dissentiunt,</strong></span> <span class='ocrx_word' id='word_1_70' title='bbox 742 2918 799 3010; x_wconf 82' lang='lat' dir='ltr'><strong>qui</strong></span> <span class='ocrx_word' id='word_1_71' title='bbox 834 2913 1028 3013; x_wconf 89' lang='lat' dir='ltr'><strong>hujusmodi</strong></span> <span class='ocrx_word' id='word_1_72' title='bbox 1066 2918 1352 3012; x_wconf 81' lang='lat' dir='ltr'><strong>speculationibus</strong></span> <span class='ocrx_word' id='word_1_73' title='bbox 1390 2921 1497 2992; x_wconf 88' lang='lat' dir='ltr'><strong>multo</strong></span> <span class='ocrx_word' id='word_1_74' title='bbox 1527 2923 1635 3019; x_wconf 90' lang='lat' dir='ltr'><strong>majus</strong></span> <span class='ocrx_word' id='word_1_75' title='bbox 1664 2923 1809 3015; x_wconf 89' lang='lat' dir='ltr'><strong>pretinm</strong></span> <span class='ocrx_word' id='word_1_76' title='bbox 1839 2921 2044 2992; x_wconf 88' lang='lat' dir='ltr'><strong>constituere</strong></span> <span class='ocrx_word' id='word_1_77' title='bbox 2070 2927 2151 2990; x_wconf 90' lang='lat' dir='ltr'><strong>snnt</strong></span> 
     </span>
     <span class='ocr_line' id='line_1_10' title="bbox 143 3055 2151 3158; baseline -0.001 -30"><span class='ocrx_word' id='word_1_78' title='bbox 143 3057 232 3130; x_wconf 87' lang='lat' dir='ltr'><strong>soliti.</strong></span> <span class='ocrx_word' id='word_1_79' title='bbox 279 3057 353 3130; x_wconf 83' lang='lat' dir='ltr'><strong>Etsi</strong></span> <span class='ocrx_word' id='word_1_80' title='bbox 390 3061 478 3130; x_wconf 90' lang='lat' dir='ltr'><strong>enim</strong></span> <span class='ocrx_word' id='word_1_81' title='bbox 502 3058 643 3134; x_wconf 86' lang='lat' dir='ltr'><strong>Veteres</strong></span> <span class='ocrx_word' id='word_1_82' title='bbox 678 3081 748 3133; x_wconf 91' lang='lat' dir='ltr'><strong>non</strong></span> <span class='ocrx_word' id='word_1_83' title='bbox 783 3063 1027 3155; x_wconf 88' lang='lat' dir='ltr'><strong>ignoraverunt</strong></span> <span class='ocrx_word' id='word_1_84' title='bbox 1056 3085 1095 3133; x_wconf 84' lang='lat' dir='ltr'><strong>er</strong></span> <span class='ocrx_word' id='word_1_85' title='bbox 1124 3059 1342 3156; x_wconf 78' lang='lat' dir='ltr'><strong>indagatione</strong></span> <span class='ocrx_word' id='word_1_86' title='bbox 1373 3075 1512 3136; x_wconf 89' lang='lat' dir='ltr'><strong>naturae</strong></span> <span class='ocrx_word' id='word_1_87' title='bbox 1542 3085 1759 3137; x_wconf 91' lang='lat' dir='ltr'><strong>numerorum</strong></span> <span class='ocrx_word' id='word_1_88' title='bbox 1784 3083 1902 3158; x_wconf 86' lang='lat' dir='ltr'><strong>parurn</strong></span> <span class='ocrx_word' id='word_1_89' title='bbox 1927 3059 2082 3132; x_wconf 88' lang='lat' dir='ltr'><strong>utilitatis</strong></span> <span class='ocrx_word' id='word_1_90' title='bbox 2107 3055 2151 3127; x_wconf 91' lang='lat' dir='ltr'><strong>ad</strong></span> 
     </span>
     <span class='ocr_line' id='line_1_11' title="bbox 143 3197 2150 3298; baseline -0.001 -28"><span class='ocrx_word' id='word_1_91' title='bbox 143 3221 206 3270; x_wconf 85' lang='lat' dir='ltr'><strong>ean</strong></span> <span class='ocrx_word' id='word_1_92' title='bbox 241 3199 432 3272; x_wconf 88' lang='lat' dir='ltr'><strong>matheseos</strong></span> <span class='ocrx_word' id='word_1_93' title='bbox 467 3209 611 3294; x_wconf 85' lang='lat' dir='ltr'><strong>partem,</strong></span> <span class='ocrx_word' id='word_1_94' title='bbox 649 3222 735 3295; x_wconf 91' lang='lat' dir='ltr'><strong>quae</strong></span> <span class='ocrx_word' id='word_1_95' title='bbox 766 3199 931 3296; x_wconf 89' lang='lat' dir='ltr'><strong>applicata</strong></span> <span class='ocrx_word' id='word_1_96' title='bbox 956 3205 1069 3274; x_wconf 90' lang='lat' dir='ltr'><strong>vocari</strong></span> <span class='ocrx_word' id='word_1_97' title='bbox 1095 3203 1199 3288; x_wconf 90' lang='lat' dir='ltr'><strong>solet,</strong></span> <span class='ocrx_word' id='word_1_98' title='bbox 1235 3213 1270 3274; x_wconf 93' lang='lat' dir='ltr'><strong>et</strong></span> <span class='ocrx_word' id='word_1_99' title='bbox 1295 3206 1328 3274; x_wconf 95' lang='lat' dir='ltr'><strong>in</strong></span> <span class='ocrx_word' id='word_1_100' title='bbox 1354 3206 1612 3298; x_wconf 81' lang='lat' dir='ltr'><strong>investigatione</strong></span> <span class='ocrx_word' id='word_1_101' title='bbox 1638 3225 1750 3275; x_wconf 81' lang='lat' dir='ltr'><strong>rerum</strong></span> <span class='ocrx_word' id='word_1_102' title='bbox 1776 3201 1817 3272; x_wconf 88' lang='lat' dir='ltr'><strong>ad</strong></span> <span class='ocrx_word' id='word_1_103' title='bbox 1844 3200 2015 3296; x_wconf 78' lang='lat' dir='ltr'><strong>physicam</strong></span> <span class='ocrx_word' id='word_1_104' title='bbox 2040 3197 2150 3294; x_wconf 84' lang='lat' dir='ltr'><strong>potis-&#39;</strong></span> 
     </span>
     <span class='ocr_line' id='line_1_12' title="bbox 144 3338 2151 3436; baseline 0 -27"><span class='ocrx_word' id='word_1_105' title='bbox 144 3361 252 3410; x_wconf 78' lang='lat' dir='ltr'><strong>annm</strong></span> <span class='ocrx_word' id='word_1_106' title='bbox 286 3339 528 3432; x_wconf 87' lang='lat' dir='ltr'><strong>pertinentium</strong></span> <span class='ocrx_word' id='word_1_107' title='bbox 557 3346 610 3408; x_wconf 90' lang='lat' dir='ltr'><strong>est</strong></span> <span class='ocrx_word' id='word_1_108' title='bbox 640 3339 765 3436; x_wconf 88' lang='lat' dir='ltr'><strong>posita:</strong></span> <span class='ocrx_word' id='word_1_109' title='bbox 799 3349 913 3409; x_wconf 69' lang='lat' dir='ltr'><strong>manen</strong></span> <span class='ocrx_word' id='word_1_110' title='bbox 945 3338 1163 3411; x_wconf 88' lang='lat' dir='ltr'><strong>nihilominus</strong></span> <span class='ocrx_word' id='word_1_111' title='bbox 1194 3341 1229 3410; x_wconf 92' lang='lat' dir='ltr'><strong>in</strong></span> <span class='ocrx_word' id='word_1_112' title='bbox 1260 3339 1451 3413; x_wconf 83' lang='lat' dir='ltr'><strong>scmtandis</strong></span> <span class='ocrx_word' id='word_1_113' title='bbox 1475 3363 1691 3414; x_wconf 87' lang='lat' dir='ltr'><strong>numerorum</strong></span> <span class='ocrx_word' id='word_1_114' title='bbox 1717 3339 1979 3436; x_wconf 86' lang='lat' dir='ltr'><strong>proprietatibus</strong></span> <span class='ocrx_word' id='word_1_115' title='bbox 2005 3339 2151 3410; x_wconf 86' lang='lat' dir='ltr'><strong>multam</strong></span> 
     </span>
     <span class='ocr_line' id='line_1_13' title="bbox 144 3474 2153 3574; baseline -0 -25"><span class='ocrx_word' id='word_1_116' title='bbox 144 3476 235 3550; x_wconf 87' lang='lat' dir='ltr'><strong>studii</strong></span> <span class='ocrx_word' id='word_1_117' title='bbox 258 3487 293 3549; x_wconf 92' lang='lat' dir='ltr'><strong>et</strong></span> <span class='ocrx_word' id='word_1_118' title='bbox 316 3477 442 3548; x_wconf 86' lang='lat' dir='ltr'><strong>laboris</strong></span> <span class='ocrx_word' id='word_1_119' title='bbox 465 3486 734 3548; x_wconf 89' lang='lat' dir='ltr'><strong>consumserunt.</strong></span> <span class='ocrx_word' id='word_1_120' title='bbox 786 3474 1017 3570; x_wconf 85' lang='lat' dir='ltr'><strong>Praeterquam</strong></span> <span class='ocrx_word' id='word_1_121' title='bbox 1041 3479 1148 3564; x_wconf 88' lang='lat' dir='ltr'><strong>eninr,</strong></span> <span class='ocrx_word' id='word_1_122' title='bbox 1186 3478 1279 3572; x_wconf 89' lang='lat' dir='ltr'><strong>quod</strong></span> <span class='ocrx_word' id='word_1_123' title='bbox 1309 3479 1388 3573; x_wconf 90' lang='lat' dir='ltr'><strong>ipsis</strong></span> <span class='ocrx_word' id='word_1_124' title='bbox 1413 3482 1628 3574; x_wconf 88' lang='lat' dir='ltr'><strong>investigatio</strong></span> <span class='ocrx_word' id='word_1_125' title='bbox 1653 3483 1802 3552; x_wconf 85' lang='lat' dir='ltr'><strong>veritatis</strong></span> <span class='ocrx_word' id='word_1_126' title='bbox 1826 3498 1888 3574; x_wconf 88' lang='lat' dir='ltr'><strong>per</strong></span> <span class='ocrx_word' id='word_1_127' title='bbox 1912 3499 1948 3550; x_wconf 87' lang='lat' dir='ltr'><strong>se</strong></span> <span class='ocrx_word' id='word_1_128' title='bbox 1973 3475 2153 3549; x_wconf 87' lang='lat' dir='ltr'><strong>laudabilis</strong></span> 
     </span>
     <span class='ocr_line' id='line_1_14' title="bbox 144 3612 2151 3715; baseline -0.001 -27"><span class='ocrx_word' id='word_1_129' title='bbox 144 3625 233 3712; x_wconf 80' lang='lat' dir='ltr'><strong>alque</strong></span> <span class='ocrx_word' id='word_1_130' title='bbox 260 3616 407 3688; x_wconf 87' lang='lat' dir='ltr'><strong>hnmana</strong></span> <span class='ocrx_word' id='word_1_131' title='bbox 437 3618 630 3710; x_wconf 76' lang='lat' dir='ltr'><strong>cognitione</strong></span> <span class='ocrx_word' id='word_1_132' title='bbox 662 3613 766 3710; x_wconf 88' lang='lat' dir='ltr'><strong>digna</strong></span> <span class='ocrx_word' id='word_1_133' title='bbox 796 3614 984 3703; x_wconf 90' lang='lat' dir='ltr'><strong>videretur,</strong></span> <span class='ocrx_word' id='word_1_134' title='bbox 1023 3617 1128 3711; x_wconf 89' lang='lat' dir='ltr'><strong>probe</strong></span> <span class='ocrx_word' id='word_1_135' title='bbox 1160 3618 1260 3688; x_wconf 89' lang='lat' dir='ltr'><strong>etiam</strong></span> <span class='ocrx_word' id='word_1_136' title='bbox 1289 3630 1468 3690; x_wconf 89' lang='lat' dir='ltr'><strong>senserunt</strong></span> <span class='ocrx_word' id='word_1_137' title='bbox 1490 3618 1544 3691; x_wconf 92' lang='lat' dir='ltr'><strong>his</strong></span> <span class='ocrx_word' id='word_1_138' title='bbox 1570 3621 1672 3692; x_wconf 89' lang='lat' dir='ltr'><strong>rebus</strong></span> <span class='ocrx_word' id='word_1_139' title='bbox 1695 3623 1801 3715; x_wconf 89' lang='lat' dir='ltr'><strong>ipsam</strong></span> <span class='ocrx_word' id='word_1_140' title='bbox 1826 3628 1933 3689; x_wconf 86' lang='lat' dir='ltr'><strong>artem</strong></span> <span class='ocrx_word' id='word_1_141' title='bbox 1959 3612 2151 3688; x_wconf 90' lang='lat' dir='ltr'><strong>inveniendi</strong></span> 
     </span>
     <span class='ocr_line' id='line_1_15' title="bbox 145 3749 2151 3854; baseline -0.001 -26"><span class='ocrx_word' id='word_1_142' title='bbox 145 3759 254 3828; x_wconf 89' lang='lat' dir='ltr'><strong>mirum</strong></span> <span class='ocrx_word' id='word_1_143' title='bbox 288 3760 325 3828; x_wconf 94' lang='lat' dir='ltr'><strong>in</strong></span> <span class='ocrx_word' id='word_1_144' title='bbox 355 3753 495 3828; x_wconf 91' lang='lat' dir='ltr'><strong>modum</strong></span> <span class='ocrx_word' id='word_1_145' title='bbox 524 3749 737 3851; x_wconf 80' lang='lat' dir='ltr'><strong>amplificari,</strong></span> <span class='ocrx_word' id='word_1_146' title='bbox 775 3756 962 3850; x_wconf 86' lang='lat' dir='ltr'><strong>mentisque</strong></span> <span class='ocrx_word' id='word_1_147' title='bbox 991 3749 1172 3826; x_wconf 81' lang='lat' dir='ltr'><strong>facultates</strong></span> <span class='ocrx_word' id='word_1_148' title='bbox 1203 3753 1247 3826; x_wconf 88' lang='lat' dir='ltr'><strong>ad</strong></span> <span class='ocrx_word' id='word_1_149' title='bbox 1275 3759 1432 3850; x_wconf 84' lang='lat' dir='ltr'><strong>graviora</strong></span> <span class='ocrx_word' id='word_1_150' title='bbox 1468 3762 1605 3852; x_wconf 87' lang='lat' dir='ltr'><strong>negotia</strong></span> <span class='ocrx_word' id='word_1_151' title='bbox 1633 3757 1839 3854; x_wconf 82' lang='lat' dir='ltr'><strong>expedienda</strong></span> <span class='ocrx_word' id='word_1_152' title='bbox 1868 3759 2015 3853; x_wconf 89' lang='lat' dir='ltr'><strong>aptiores</strong></span> <span class='ocrx_word' id='word_1_153' title='bbox 2043 3755 2151 3828; x_wconf 90' lang='lat' dir='ltr'><strong>reddi.</strong></span> 
     </span>
     <span class='ocr_line' id='line_1_16' title="bbox 144 3890 2190 3995; baseline -0 -27"><span class='ocrx_word' id='word_1_154' title='bbox 144 3895 251 3991; x_wconf 80' lang='lat' dir='ltr'><strong>Neque</strong></span> <span class='ocrx_word' id='word_1_155' title='bbox 275 3899 380 3968; x_wconf 91' lang='lat' dir='ltr'><strong>etiam</strong></span> <span class='ocrx_word' id='word_1_156' title='bbox 401 3899 494 3992; x_wconf 88' lang='lat' dir='ltr'><strong>ipsos</strong></span> <span class='ocrx_word' id='word_1_157' title='bbox 517 3900 552 3968; x_wconf 95' lang='lat' dir='ltr'><strong>in</strong></span> <span class='ocrx_word' id='word_1_158' title='bbox 576 3894 642 3968; x_wconf 89' lang='lat' dir='ltr'><strong>hac</strong></span> <span class='ocrx_word' id='word_1_159' title='bbox 666 3897 824 3990; x_wconf 89' lang='lat' dir='ltr'><strong>opinione</strong></span> <span class='ocrx_word' id='word_1_160' title='bbox 849 3892 1010 3990; x_wconf 85' lang='lat' dir='ltr'><strong>deceptos</strong></span> <span class='ocrx_word' id='word_1_161' title='bbox 1034 3890 1155 3983; x_wconf 86' lang='lat' dir='ltr'><strong>luisse,</strong></span> <span class='ocrx_word' id='word_1_162' title='bbox 1192 3916 1320 3968; x_wconf 90' lang='lat' dir='ltr'><strong>summa</strong></span> <span class='ocrx_word' id='word_1_163' title='bbox 1346 3899 1568 3986; x_wconf 86' lang='lat' dir='ltr'><strong>incrementa,</strong></span> <span class='ocrx_word' id='word_1_164' title='bbox 1599 3899 1722 3995; x_wconf 88' lang='lat' dir='ltr'><strong>quibus</strong></span> <span class='ocrx_word' id='word_1_165' title='bbox 1746 3896 1890 3988; x_wconf 82' lang='lat' dir='ltr'><strong>analysis</strong></span> <span class='ocrx_word' id='word_1_166' title='bbox 1914 3896 1957 3970; x_wconf 90' lang='lat' dir='ltr'><strong>ab</strong></span> <span class='ocrx_word' id='word_1_167' title='bbox 1984 3897 2037 3968; x_wconf 91' lang='lat' dir='ltr'><strong>his</strong></span> <span class='ocrx_word' id='word_1_168' title='bbox 2062 3907 2151 3968; x_wconf 90' lang='lat' dir='ltr'><strong>tem-</strong></span> <span class='ocrx_word' id='word_1_169' title='bbox 2182 3917 2190 3928; x_wconf 85' lang='lat'>·</span> 
     </span>
     <span class='ocr_line' id='line_1_17' title="bbox 144 4027 2153 4133; baseline -0.001 -25"><span class='ocrx_word' id='word_1_170' title='bbox 144 4037 268 4130; x_wconf 88' lang='lat' dir='ltr'><strong>poribus</strong></span> <span class='ocrx_word' id='word_1_171' title='bbox 292 4048 348 4110; x_wconf 89' lang='lat' dir='ltr'><strong>est</strong></span> <span class='ocrx_word' id='word_1_172' title='bbox 370 4037 593 4131; x_wconf 88' lang='lat' dir='ltr'><strong>locupletata,</strong></span> <span class='ocrx_word' id='word_1_173' title='bbox 617 4027 795 4108; x_wconf 79' lang='lat' dir='ltr'><strong>manifesto</strong></span> <span class='ocrx_word' id='word_1_174' title='bbox 821 4043 1006 4122; x_wconf 85' lang='lat' dir='ltr'><strong>testantur3</strong></span> <span class='ocrx_word' id='word_1_175' title='bbox 1032 4039 1170 4108; x_wconf 86' lang='lat' dir='ltr'><strong>maxima</strong></span> <span class='ocrx_word' id='word_1_176' title='bbox 1196 4040 1285 4109; x_wconf 90' lang='lat' dir='ltr'><strong>enirn</strong></span> <span class='ocrx_word' id='word_1_177' title='bbox 1309 4039 1489 4112; x_wconf 89' lang='lat' dir='ltr'><strong>verisimile</strong></span> <span class='ocrx_word' id='word_1_178' title='bbox 1515 4041 1651 4112; x_wconf 91' lang='lat' dir='ltr'><strong>videtur</strong></span> <span class='ocrx_word' id='word_1_179' title='bbox 1675 4039 1763 4110; x_wconf 92' lang='lat' dir='ltr'><strong>hanc</strong></span> <span class='ocrx_word' id='word_1_180' title='bbox 1788 4041 1961 4111; x_wconf 87' lang='lat' dir='ltr'><strong>scientiam</strong></span> <span class='ocrx_word' id='word_1_181' title='bbox 1981 4059 2153 4133; x_wconf 86' lang='lat' dir='ltr'><strong>nunqnam</strong></span> 
     </span>
     <span class='ocr_line' id='line_1_18' title="bbox 143 4173 2153 4282; baseline -0.003 -28"><span class='ocrx_word' id='word_1_182' title='bbox 143 4179 180 4254; x_wconf 90' lang='lat' dir='ltr'><strong>ad</strong></span> <span class='ocrx_word' id='word_1_183' title='bbox 201 4191 330 4254; x_wconf 80' lang='lat' dir='ltr'><strong>tantuma</strong></span> <span class='ocrx_word' id='word_1_184' title='bbox 361 4173 579 4274; x_wconf 83' lang='lat' dir='ltr'><strong>perfectionis</strong></span> <span class='ocrx_word' id='word_1_185' title='bbox 603 4174 746 4270; x_wconf 88' lang='lat' dir='ltr'><strong>gradum</strong></span> <span class='ocrx_word' id='word_1_186' title='bbox 771 4179 1006 4270; x_wconf 82' lang='lat' dir='ltr'><strong>perventuram</strong></span> <span class='ocrx_word' id='word_1_187' title='bbox 1032 4173 1152 4264; x_wconf 90' lang='lat' dir='ltr'><strong>luisse,</strong></span> <span class='ocrx_word' id='word_1_188' title='bbox 1179 4179 1241 4248; x_wconf 89' lang='lat' dir='ltr'><strong>nisi</strong></span> <span class='ocrx_word' id='word_1_189' title='bbox 1270 4176 1412 4248; x_wconf 86' lang='lat' dir='ltr'><strong>Veteres</strong></span> <span class='ocrx_word' id='word_1_190' title='bbox 1436 4175 1742 4282; x_wconf 25' lang='lat' dir='ltr'><strong>tantumvstudinm</strong></span> <span class='ocrx_word' id='word_1_191' title='bbox 1767 4181 1801 4248; x_wconf 93' lang='lat' dir='ltr'><strong>in</strong></span> <span class='ocrx_word' id='word_1_192' title='bbox 1826 4177 2023 4274; x_wconf 88' lang='lat' dir='ltr'><strong>hujusmodi</strong></span> <span class='ocrx_word' id='word_1_193' title='bbox 2048 4197 2153 4272; x_wconf 88' lang='lat' dir='ltr'><strong>quae-</strong></span> 
     </span>
     <span class='ocr_line' id='line_1_19' title="bbox 145 4315 2152 4416; baseline -0.004 -22"><span class='ocrx_word' id='word_1_194' title='bbox 145 4322 296 4394; x_wconf 84' lang='lat' dir='ltr'><strong>stionibus</strong></span> <span class='ocrx_word' id='word_1_195' title='bbox 319 4316 534 4404; x_wconf 88' lang='lat' dir='ltr'><strong>evolvendis,</strong></span> <span class='ocrx_word' id='word_1_196' title='bbox 571 4339 658 4412; x_wconf 90' lang='lat' dir='ltr'><strong>qnae</strong></span> <span class='ocrx_word' id='word_1_197' title='bbox 682 4315 783 4389; x_wconf 92' lang='lat' dir='ltr'><strong>hodie</strong></span> <span class='ocrx_word' id='word_1_198' title='bbox 809 4317 854 4390; x_wconf 94' lang='lat' dir='ltr'><strong>ob</strong></span> <span class='ocrx_word' id='word_1_199' title='bbox 883 4319 1095 4390; x_wconf 83' lang='lat' dir='ltr'><strong>sterilitatem</strong></span> <span class='ocrx_word' id='word_1_200' title='bbox 1123 4330 1302 4416; x_wconf 84' lang='lat' dir='ltr'><strong>tantopere</strong></span> <span class='ocrx_word' id='word_1_201' title='bbox 1327 4343 1347 4392; x_wconf 94' lang='lat' dir='ltr'><strong>a</strong></span> <span class='ocrx_word' id='word_1_202' title='bbox 1372 4319 1540 4415; x_wconf 83' lang='lat' dir='ltr'><strong>plerisque</strong></span> <span class='ocrx_word' id='word_1_203' title='bbox 1565 4327 1844 4405; x_wconf 85' lang='lat' dir='ltr'><strong>contemnuntur,</strong></span> <span class='ocrx_word' id='word_1_204' title='bbox 1882 4316 2152 4390; x_wconf 87' lang='lat' dir='ltr'><strong>collocavissent</strong></span> 
     </span>
    </p>
   </div>
   <div class='ocr_carea' id='block_1_7' title="bbox 25 4453 2151 4559">
    <p class='ocr_par' dir='ltr' id='par_1_7' title="bbox 25 4453 2151 4559">
     <span class='ocr_line' id='line_1_20' title="bbox 25 4453 2151 4559; baseline -0.004 -24"><span class='ocrx_word' id='word_1_205' title='bbox 25 4453 26 4458; x_wconf 55' lang='grc'>’</span> <span class='ocrx_word' id='word_1_206' title='bbox 145 4462 286 4559; x_wconf 88' lang='lat' dir='ltr'><strong>llincque</strong></span> <span class='ocrx_word' id='word_1_207' title='bbox 316 4485 360 4534; x_wconf 91' lang='lat' dir='ltr'><strong>eo</strong></span> <span class='ocrx_word' id='word_1_208' title='bbox 390 4463 500 4531; x_wconf 85' lang='lat' dir='ltr'><strong>minus</strong></span> <span class='ocrx_word' id='word_1_209' title='bbox 529 4458 684 4530; x_wconf 90' lang='lat' dir='ltr'><strong>dubitare</strong></span> <span class='ocrx_word' id='word_1_210' title='bbox 715 4459 812 4548; x_wconf 89' lang='lat' dir='ltr'><strong>licet,</strong></span> <span class='ocrx_word' id='word_1_211' title='bbox 850 4463 932 4556; x_wconf 91' lang='lat' dir='ltr'><strong>quin</strong></span> <span class='ocrx_word' id='word_1_212' title='bbox 962 4459 1016 4532; x_wconf 92' lang='lat' dir='ltr'><strong>his</strong></span> <span class='ocrx_word' id='word_1_213' title='bbox 1044 4461 1154 4534; x_wconf 89' lang='lat' dir='ltr'><strong>rebus.</strong></span> <span class='ocrx_word' id='word_1_214' title='bbox 1175 4460 1319 4532; x_wconf 89' lang='lat' dir='ltr'><strong>ulterius</strong></span> <span class='ocrx_word' id='word_1_215' title='bbox 1347 4457 1540 4532; x_wconf 83' lang='lat' dir='ltr'><strong>excolendis</strong></span> <span class='ocrx_word' id='word_1_216' title='bbox 1565 4460 1666 4530; x_wconf 91' lang='lat' dir='ltr'><strong>etiam</strong></span> <span class='ocrx_word' id='word_1_217' title='bbox 1693 4459 1726 4530; x_wconf 93' lang='lat' dir='ltr'><strong>in</strong></span> <span class='ocrx_word' id='word_1_218' title='bbox 1752 4467 1923 4552; x_wconf 88' lang='lat' dir='ltr'><strong>posterum</strong></span> <span class='ocrx_word' id='word_1_219' title='bbox 1947 4455 2073 4546; x_wconf 80' lang='lat' dir='ltr'><strong>analysi</strong></span> <span class='ocrx_word' id='word_1_220' title='bbox 2099 4458 2151 4526; x_wconf 91' lang='lat' dir='ltr'><strong>in·</strong></span> 
     </span>
    </p>
   </div>
   <div class='ocr_carea' id='block_1_8' title="bbox 145 4593 690 4699">
    <p class='ocr_par' dir='ltr' id='par_1_8' title="bbox 145 4593 690 4699">
     <span class='ocr_line' id='line_1_21' title="bbox 145 4593 690 4699; baseline -0.007 -27"><span class='ocrx_word' id='word_1_221' title='bbox 145 4605 242 4699; x_wconf 90' lang='lat' dir='ltr'><strong>signia</strong></span> <span class='ocrx_word' id='word_1_222' title='bbox 265 4607 471 4676; x_wconf 88' lang='lat' dir='ltr'><strong>incrementa</strong></span> <span class='ocrx_word' id='word_1_223' title='bbox 494 4593 690 4670; x_wconf 84' lang='lat' dir='ltr'><strong>afferantur.</strong></span> 
     </span>
    </p>
   </div>
   <div class='ocr_carea' id='block_1_9' title="bbox 229 4731 2273 4844">
    <p class='ocr_par' dir='ltr' id='par_1_9' title="bbox 229 4731 2273 4844">
     <span class='ocr_line' id='line_1_22' title="bbox 229 4731 2273 4844; baseline -0.008 -28"><span class='ocrx_word' id='word_1_224' title='bbox 229 4741 310 4844; x_wconf 70' lang='lat'><strong>§2</strong></span> <span class='ocrx_word' id='word_1_225' title='bbox 355 4741 607 4837; x_wconf 81' lang='lat' dir='ltr'><strong>Antiquissimis</strong></span> <span class='ocrx_word' id='word_1_226' title='bbox 627 4739 699 4836; x_wconf 84' lang='lat' dir='ltr'><strong>jam</strong></span> <span class='ocrx_word' id='word_1_227' title='bbox 725 4740 930 4834; x_wconf 84' lang='lat' dir='ltr'><strong>temporibus</strong></span> <span class='ocrx_word' id='word_1_228' title='bbox 954 4739 1154 4813; x_wconf 85' lang='lat' dir='ltr'><strong>Euclides</strong></span> <span class='ocrx_word' id='word_1_229' title='bbox 1175 4740 1300 4813; x_wconf 90' lang='lat' dir='ltr'><strong>multas</strong></span> <span class='ocrx_word' id='word_1_230' title='bbox 1317 4738 1506 4834; x_wconf 88' lang='lat' dir='ltr'><strong>praeclaras</strong></span> <span class='ocrx_word' id='word_1_231' title='bbox 1523 4757 1741 4809; x_wconf 76' lang='lat' dir='ltr'><strong>numerorum</strong></span> <span class='ocrx_word' id='word_1_232' title='bbox 1759 4735 1982 4830; x_wconf 85' lang='lat' dir='ltr'><strong>proprietates</strong></span> <span class='ocrx_word' id='word_1_233' title='bbox 2001 4731 2152 4826; x_wconf 84' lang='lat' dir='ltr'><strong>collegit,</strong></span> <span class='ocrx_word' id='word_1_234' title='bbox 2264 4763 2273 4776; x_wconf 90' lang='lat'><em>·</em></span> 
     </span>
    </p>
   </div>
   <div class='ocr_carea' id='block_1_10' title="bbox 144 4873 2155 5824">
    <p class='ocr_par' dir='ltr' id='par_1_10' title="bbox 144 4873 2155 5824">
     <span class='ocr_line' id='line_1_23' title="bbox 145 4873 2154 4980; baseline -0.004 -28"><span class='ocrx_word' id='word_1_235' title='bbox 145 4903 312 4980; x_wconf 85' lang='lat' dir='ltr'><strong>veramque</strong></span> <span class='ocrx_word' id='word_1_236' title='bbox 337 4887 503 4956; x_wconf 82' lang='lat' dir='ltr'><strong>rationem</strong></span> <span class='ocrx_word' id='word_1_237' title='bbox 526 4903 687 4954; x_wconf 89' lang='lat' dir='ltr'><strong>numeros</strong></span> <span class='ocrx_word' id='word_1_238' title='bbox 711 4877 880 4974; x_wconf 84' lang='lat' dir='ltr'><strong>perlectos</strong></span> <span class='ocrx_word' id='word_1_239' title='bbox 905 4879 1096 4953; x_wconf 84' lang='lat' dir='ltr'><strong>inveniendi</strong></span> <span class='ocrx_word' id='word_1_240' title='bbox 1118 4879 1274 4969; x_wconf 88' lang='lat' dir='ltr'><strong>tradidit,</strong></span> <span class='ocrx_word' id='word_1_241' title='bbox 1299 4891 1340 4954; x_wconf 90' lang='lat' dir='ltr'><strong>nt</strong></span> <span class='ocrx_word' id='word_1_242' title='bbox 1364 4881 1487 4951; x_wconf 89' lang='lat' dir='ltr'><strong>mirum</strong></span> <span class='ocrx_word' id='word_1_243' title='bbox 1511 4879 1571 4964; x_wconf 85' lang='lat' dir='ltr'><strong>sit,</strong></span> <span class='ocrx_word' id='word_1_244' title='bbox 1597 4876 1709 4972; x_wconf 86' lang='lat' dir='ltr'><strong>plures</strong></span> <span class='ocrx_word' id='word_1_245' title='bbox 1735 4877 1942 4949; x_wconf 80' lang='lat' dir='ltr'><strong>recentiores</strong></span> <span class='ocrx_word' id='word_1_246' title='bbox 1967 4873 2154 4946; x_wconf 88' lang='lat' dir='ltr'><strong>mathema-</strong></span> 
     </span>
     <span class='ocr_line' id='line_1_24' title="bbox 144 5017 2153 5118; baseline -0.003 -27"><span class='ocrx_word' id='word_1_247' title='bbox 144 5025 223 5096; x_wconf 87' lang='lat' dir='ltr'><strong>ticos</strong></span> <span class='ocrx_word' id='word_1_248' title='bbox 246 5028 281 5096; x_wconf 93' lang='lat' dir='ltr'><strong>in</strong></span> <span class='ocrx_word' id='word_1_249' title='bbox 305 5023 374 5096; x_wconf 90' lang='lat' dir='ltr'><strong>hoc</strong></span> <span class='ocrx_word' id='word_1_250' title='bbox 399 5045 522 5118; x_wconf 86' lang='lat' dir='ltr'><strong>genere</strong></span> <span class='ocrx_word' id='word_1_251' title='bbox 546 5033 617 5092; x_wconf 87' lang='lat' dir='ltr'><strong>tam</strong></span> <span class='ocrx_word' id='word_1_252' title='bbox 636 5024 755 5092; x_wconf 87' lang='lat' dir='ltr'><strong>misere</strong></span> <span class='ocrx_word' id='word_1_253' title='bbox 775 5043 847 5094; x_wconf 85' lang='lat' dir='ltr'><strong>esse</strong></span> <span class='ocrx_word' id='word_1_254' title='bbox 865 5021 1102 5094; x_wconf 81' lang='lat' dir='ltr'><strong>hallucinatos.</strong></span> <span class='ocrx_word' id='word_1_255' title='bbox 1128 5021 1175 5093; x_wconf 83' lang='lat' dir='ltr'><strong>Ex</strong></span> <span class='ocrx_word' id='word_1_256' title='bbox 1193 5019 1419 5116; x_wconf 85' lang='lat' dir='ltr'><strong>Diophanti</strong></span> <span class='ocrx_word' id='word_1_257' title='bbox 1436 5027 1548 5092; x_wconf 84' lang='lat' dir='ltr'><strong>antem</strong></span> <span class='ocrx_word' id='word_1_258' title='bbox 1567 5017 1777 5112; x_wconf 86' lang='lat' dir='ltr'><strong>temporibus</strong></span> <span class='ocrx_word' id='word_1_259' title='bbox 1793 5017 1986 5090; x_wconf 85' lang='lat' dir='ltr'><strong>luculenter</strong></span> <span class='ocrx_word' id='word_1_260' title='bbox 2003 5024 2153 5108; x_wconf 82' lang='lat' dir='ltr'><strong>apparet,</strong></span> 
     </span>
     <span class='ocr_line' id='line_1_25' title="bbox 144 5153 2153 5259; baseline -0.005 -23"><span class='ocrx_word' id='word_1_261' title='bbox 144 5171 206 5236; x_wconf 73' lang='lat' dir='ltr'><strong>hm</strong></span> <span class='ocrx_word' id='word_1_262' title='bbox 239 5161 387 5238; x_wconf 84' lang='lat' dir='ltr'><strong>Graecos</strong></span> <span class='ocrx_word' id='word_1_263' title='bbox 415 5183 517 5259; x_wconf 84' lang='lat' dir='ltr'><strong>qnam</strong></span> <span class='ocrx_word' id='word_1_264' title='bbox 541 5161 671 5236; x_wconf 83' lang='lat' dir='ltr'><strong>Arabes</strong></span> <span class='ocrx_word' id='word_1_265' title='bbox 701 5164 880 5258; x_wconf 86' lang='lat' dir='ltr'><strong>plmimum</strong></span> <span class='ocrx_word' id='word_1_266' title='bbox 910 5163 1015 5237; x_wconf 89' lang='lat' dir='ltr'><strong>studii</strong></span> <span class='ocrx_word' id='word_1_267' title='bbox 1043 5167 1079 5238; x_wconf 93' lang='lat' dir='ltr'><strong>in</strong></span> <span class='ocrx_word' id='word_1_268' title='bbox 1108 5185 1328 5238; x_wconf 89' lang='lat' dir='ltr'><strong>numerorum</strong></span> <span class='ocrx_word' id='word_1_269' title='bbox 1356 5163 1511 5235; x_wconf 89' lang='lat' dir='ltr'><strong>doctrina</strong></span> <span class='ocrx_word' id='word_1_270' title='bbox 1535 5158 1719 5231; x_wconf 78' lang='lat' dir='ltr'><strong>excolenda</strong></span> <span class='ocrx_word' id='word_1_271' title='bbox 1745 5161 1912 5253; x_wconf 85' lang='lat' dir='ltr'><strong>posuisse:</strong></span> <span class='ocrx_word' id='word_1_272' title='bbox 1948 5153 2041 5252; x_wconf 88' lang='lat' dir='ltr'><strong>quod</strong></span> <span class='ocrx_word' id='word_1_273' title='bbox 2065 5153 2153 5226; x_wconf 90' lang='lat' dir='ltr'><strong>idem</strong></span> 
     </span>
     <span class='ocr_line' id='line_1_26' title="bbox 144 5293 2153 5402; baseline -0.007 -25"><span class='ocrx_word' id='word_1_274' title='bbox 144 5307 328 5380; x_wconf 87' lang='lat' dir='ltr'><strong>institutum</strong></span> <span class='ocrx_word' id='word_1_275' title='bbox 358 5315 436 5402; x_wconf 91' lang='lat' dir='ltr'><strong>post</strong></span> <span class='ocrx_word' id='word_1_276' title='bbox 458 5315 684 5378; x_wconf 87' lang='lat' dir='ltr'><strong>restauratum</strong></span> <span class='ocrx_word' id='word_1_277' title='bbox 708 5307 744 5376; x_wconf 92' lang='lat' dir='ltr'><strong>in</strong></span> <span class='ocrx_word' id='word_1_278' title='bbox 769 5305 902 5400; x_wconf 89' lang='lat' dir='ltr'><strong>Europa</strong></span> <span class='ocrx_word' id='word_1_279' title='bbox 932 5305 1121 5380; x_wconf 89' lang='lat' dir='ltr'><strong>litterarum</strong></span> <span class='ocrx_word' id='word_1_280' title='bbox 1145 5305 1293 5378; x_wconf 90' lang='lat' dir='ltr'><strong>studium</strong></span> <span class='ocrx_word' id='word_1_281' title='bbox 1319 5305 1416 5399; x_wconf 88' lang='lat' dir='ltr'><strong>primi</strong></span> <span class='ocrx_word' id='word_1_282' title='bbox 1448 5299 1638 5374; x_wconf 85' lang='lat' dir='ltr'><strong>matheseos</strong></span> <span class='ocrx_word' id='word_1_283' title='bbox 1664 5301 1813 5371; x_wconf 88' lang='lat' dir='ltr'><strong>cultores</strong></span> <span class='ocrx_word' id='word_1_284' title='bbox 1836 5319 1964 5369; x_wconf 88' lang='lat' dir='ltr'><strong>summa</strong></span> <span class='ocrx_word' id='word_1_285' title='bbox 1990 5293 2153 5366; x_wconf 87' lang='lat' dir='ltr'><strong>industria</strong></span> 
     </span>
     <span class='ocr_line' id='line_1_27' title="bbox 145 5421 2153 5542; baseline -0.007 -25"><span class='ocrx_word' id='word_1_286' title='bbox 145 5457 216 5517; x_wconf 87' lang='lat' dir='ltr'><strong>sunt</strong></span> <span class='ocrx_word' id='word_1_287' title='bbox 244 5448 432 5542; x_wconf 61' lang='lat' dir='ltr'><strong>prosecute</strong></span> <span class='ocrx_word' id='word_1_288' title='bbox 470 5445 604 5540; x_wconf 91' lang='lat' dir='ltr'><strong>hocque</strong></span> <span class='ocrx_word' id='word_1_289' title='bbox 635 5449 707 5540; x_wconf 89' lang='lat' dir='ltr'><strong>ipso</strong></span> <span class='ocrx_word' id='word_1_290' title='bbox 737 5421 822 5517; x_wconf 86' lang='lat' dir='ltr'><strong>viam</strong></span> <span class='ocrx_word' id='word_1_291' title='bbox 847 5444 891 5519; x_wconf 93' lang='lat' dir='ltr'><strong>ad</strong></span> <span class='ocrx_word' id='word_1_292' title='bbox 915 5447 1051 5518; x_wconf 86' lang='lat' dir='ltr'><strong>altiores</strong></span> <span class='ocrx_word' id='word_1_293' title='bbox 1074 5449 1348 5540; x_wconf 80' lang='lat' dir='ltr'><strong>investigationes</strong></span> <span class='ocrx_word' id='word_1_294' title='bbox 1372 5443 1665 5540; x_wconf 86' lang='lat' dir='ltr'><strong>praeparaverunt.</strong></span> <span class='ocrx_word' id='word_1_295' title='bbox 1716 5439 2061 5514; x_wconf 67' lang='lat' dir='ltr'><strong>tartesiacum,</strong></span> <span class='ocrx_word' id='word_1_296' title='bbox 2099 5436 2153 5506; x_wconf 89' lang='lat' dir='ltr'><strong>cni</strong></span> 
     </span>
     <span class='ocr_line' id='line_1_28' title="bbox 146 5584 2153 5684; baseline -0.006 -26"><span class='ocrx_word' id='word_1_297' title='bbox 146 5589 313 5683; x_wconf 87' lang='lat' dir='ltr'><strong>praecipue</strong></span> <span class='ocrx_word' id='word_1_298' title='bbox 337 5597 450 5684; x_wconf 88' lang='lat' dir='ltr'><strong>partes</strong></span> <span class='ocrx_word' id='word_1_299' title='bbox 474 5596 648 5682; x_wconf 84' lang='lat' dir='ltr'><strong>promotae</strong></span> <span class='ocrx_word' id='word_1_300' title='bbox 672 5587 847 5680; x_wconf 76' lang='lat' dir='ltr'><strong>analyseos</strong></span> <span class='ocrx_word' id='word_1_301' title='bbox 870 5589 992 5660; x_wconf 87' lang='lat' dir='ltr'><strong>merito</strong></span> <span class='ocrx_word' id='word_1_302' title='bbox 1016 5585 1199 5676; x_wconf 90' lang='lat' dir='ltr'><strong>debentur,</strong></span> <span class='ocrx_word' id='word_1_303' title='bbox 1224 5587 1472 5682; x_wconf 87' lang='lat' dir='ltr'><strong>speculationes</strong></span> <span class='ocrx_word' id='word_1_304' title='bbox 1496 5585 1686 5656; x_wconf 88' lang='lat' dir='ltr'><strong>numericaa</strong></span> <span class='ocrx_word' id='word_1_305' title='bbox 1710 5585 1845 5652; x_wconf 88' lang='lat' dir='ltr'><strong>minime</strong></span> <span class='ocrx_word' id='word_1_306' title='bbox 1869 5588 1922 5650; x_wconf 89' lang='lat' dir='ltr'><strong>est</strong></span> <span class='ocrx_word' id='word_1_307' title='bbox 1945 5584 2153 5670; x_wconf 86' lang='lat' dir='ltr'><strong>aspernatus,</strong></span> 
     </span>
     <span class='ocr_line' id='line_1_29' title="bbox 144 5717 2155 5824; baseline -0.005 -26"><span class='ocrx_word' id='word_1_308' title='bbox 144 5737 239 5824; x_wconf 87' lang='lat' dir='ltr'><strong>atque</strong></span> <span class='ocrx_word' id='word_1_309' title='bbox 262 5729 371 5804; x_wconf 90' lang='lat' dir='ltr'><strong>multo</strong></span> <span class='ocrx_word' id='word_1_310' title='bbox 397 5730 504 5823; x_wconf 81' lang='lat' dir='ltr'><strong>ansgis</strong></span> <span class='ocrx_word' id='word_1_311' title='bbox 527 5729 562 5798; x_wconf 93' lang='lat' dir='ltr'><strong>in</strong></span> <span class='ocrx_word' id='word_1_312' title='bbox 587 5727 653 5801; x_wconf 90' lang='lat' dir='ltr'><strong>hoc</strong></span> <span class='ocrx_word' id='word_1_313' title='bbox 676 5731 816 5823; x_wconf 84' lang='lat' dir='ltr'><strong>negotio</strong></span> <span class='ocrx_word' id='word_1_314' title='bbox 841 5727 1098 5802; x_wconf 86' lang='lat' dir='ltr'><strong>elaboraverunt</strong></span> <span class='ocrx_word' id='word_1_315' title='bbox 1120 5728 1147 5800; x_wconf 92' lang='lat' dir='ltr'>F</span> <span class='ocrx_word' id='word_1_316' title='bbox 1155 5731 1350 5799; x_wconf 88' lang='lat' dir='ltr'><strong>armatius</strong></span> <span class='ocrx_word' id='word_1_317' title='bbox 1374 5737 1410 5798; x_wconf 90' lang='lat' dir='ltr'><strong>et</strong></span> <span class='ocrx_word' id='word_1_318' title='bbox 1434 5724 1686 5811; x_wconf 87' lang='lat' dir='ltr'><strong>Freniclius,</strong></span> <span class='ocrx_word' id='word_1_319' title='bbox 1718 5725 1774 5818; x_wconf 91' lang='lat' dir='ltr'><strong>qui</strong></span> <span class='ocrx_word' id='word_1_320' title='bbox 1798 5721 1898 5794; x_wconf 87' lang='lat' dir='ltr'><strong>etiam</strong></span> <span class='ocrx_word' id='word_1_321' title='bbox 1923 5717 2155 5790; x_wconf 88' lang='lat' dir='ltr'><strong>acutissimum</strong></span> 
     </span>
    </p>
   </div>
   <div class='ocr_carea' id='block_1_11' title="bbox 28 5860 2154 5968">
    <p class='ocr_par' dir='ltr' id='par_1_11' title="bbox 28 5860 2154 5968">
     <span class='ocr_line' id='line_1_30' title="bbox 28 5860 2154 5968; baseline -0.007 -22"><span class='ocrx_word' id='word_1_322' title='bbox 28 5937 30 5946; x_wconf 81' lang='grc'>,</span> <span class='ocrx_word' id='word_1_323' title='bbox 147 5871 410 5946; x_wconf 82' lang='lat' dir='ltr'><strong>mathematicum</strong></span> <span class='ocrx_word' id='word_1_324' title='bbox 435 5868 673 5944; x_wconf 86' lang='lat' dir='ltr'><strong>Wallisinm</strong></span> <span class='ocrx_word' id='word_1_325' title='bbox 700 5873 794 5968; x_wconf 87' lang='lat' dir='ltr'><strong>qnasi</strong></span> <span class='ocrx_word' id='word_1_326' title='bbox 819 5873 958 5944; x_wconf 88' lang='lat' dir='ltr'><strong>invitum</strong></span> <span class='ocrx_word' id='word_1_327' title='bbox 982 5868 1026 5942; x_wconf 89' lang='lat' dir='ltr'><strong>ad</strong></span> <span class='ocrx_word' id='word_1_328' title='bbox 1051 5869 1118 5942; x_wconf 89' lang='lat' dir='ltr'><strong>hec</strong></span> <span class='ocrx_word' id='word_1_329' title='bbox 1142 5867 1291 5942; x_wconf 69' lang='lat' dir='ltr'><strong>madium</strong></span> <span class='ocrx_word' id='word_1_330' title='bbox 1316 5870 1563 5954; x_wconf 84' lang='lat' dir='ltr'><strong>excitaverunt,</strong></span> <span class='ocrx_word' id='word_1_331' title='bbox 1589 5860 1872 5962; x_wconf 89' lang='lat' dir='ltr'><strong>quemadmodum</strong></span> <span class='ocrx_word' id='word_1_332' title='bbox 1895 5863 1935 5932; x_wconf 81' lang='lat' dir='ltr'><strong>sir</strong></span> <span class='ocrx_word' id='word_1_333' title='bbox 1953 5861 2154 5932; x_wconf 87' lang='lat' dir='ltr'><strong>commercio</strong></span> 
     </span>
    </p>
   </div>
   <div class='ocr_carea' id='block_1_12' title="bbox 146 5997 2154 6254">
    <p class='ocr_par' dir='ltr' id='par_1_12' title="bbox 146 5997 2154 6254">
     <span class='ocr_line' id='line_1_31' title="bbox 146 5997 2154 6109; baseline -0.006 -28"><span class='ocrx_word' id='word_1_334' title='bbox 146 5997 329 6105; x_wconf 83' lang='lat' dir='ltr'><strong>epistolica,</strong></span> <span class='ocrx_word' id='word_1_335' title='bbox 354 6007 506 6086; x_wconf 75' lang='lat' dir='ltr'><strong>motando</strong></span> <span class='ocrx_word' id='word_1_336' title='bbox 533 6012 606 6109; x_wconf 88' lang='lat' dir='ltr'><strong>ejus</strong></span> <span class='ocrx_word' id='word_1_337' title='bbox 631 6033 772 6108; x_wconf 71' lang='lat' dir='ltr'><strong>operm</strong></span> <span class='ocrx_word' id='word_1_338' title='bbox 800 6016 1057 6100; x_wconf 84' lang='lat' dir='ltr'><strong>tomoinserto,</strong></span> <span class='ocrx_word' id='word_1_339' title='bbox 1082 6008 1217 6083; x_wconf 90' lang='lat' dir='ltr'><strong>abunde</strong></span> <span class='ocrx_word' id='word_1_340' title='bbox 1236 6011 1424 6106; x_wconf 89' lang='lat' dir='ltr'><strong>perspicere</strong></span> <span class='ocrx_word' id='word_1_341' title='bbox 1443 6009 1537 6082; x_wconf 84' lang='lat' dir='ltr'><strong>licet.¹</strong></span> <span class='ocrx_word' id='word_1_342' title='bbox 1559 6005 1652 6080; x_wconf 90' lang='lat' dir='ltr'><strong>luter</strong></span> <span class='ocrx_word' id='word_1_343' title='bbox 1670 6025 1729 6076; x_wconf 88' lang='lat' dir='ltr'><strong>cos</strong></span> <span class='ocrx_word' id='word_1_344' title='bbox 1748 6025 1831 6077; x_wconf 91' lang='lat' dir='ltr'><strong>vero</strong></span> <span class='ocrx_word' id='word_1_345' title='bbox 1850 6006 1960 6100; x_wconf 89' lang='lat' dir='ltr'><strong>quiin</strong></span> <span class='ocrx_word' id='word_1_346' title='bbox 1979 6001 2154 6075; x_wconf 87' lang='lat' dir='ltr'><strong>Germania</strong></span> 
     </span>
     <span class='ocr_line' id='line_1_32' title="bbox 146 6141 2151 6254; baseline -0.008 -27"><span class='ocrx_word' id='word_1_347' title='bbox 146 6177 210 6226; x_wconf 85' lang='lat' dir='ltr'><strong>sese</strong></span> <span class='ocrx_word' id='word_1_348' title='bbox 239 6158 346 6252; x_wconf 91' lang='lat' dir='ltr'><strong>primo</strong></span> <span class='ocrx_word' id='word_1_349' title='bbox 377 6154 420 6227; x_wconf 88' lang='lat' dir='ltr'><strong>ad</strong></span> <span class='ocrx_word' id='word_1_350' title='bbox 452 6155 622 6252; x_wconf 85' lang='lat' dir='ltr'><strong>algebram</strong></span> <span class='ocrx_word' id='word_1_351' title='bbox 647 6155 895 6254; x_wconf 90' lang='lat' dir='ltr'><strong>applicuerunt,</strong></span> <span class='ocrx_word' id='word_1_352' title='bbox 933 6151 1111 6254; x_wconf 78' lang='lat' dir='ltr'><strong>llichatl</strong></span> <span class='ocrx_word' id='word_1_353' title='bbox 1142 6147 1269 6227; x_wconf 87' lang='lat' dir='ltr'><strong>Stilel</strong></span> <span class='ocrx_word' id='word_1_354' title='bbox 1297 6155 1457 6250; x_wconf 87' lang='lat' dir='ltr'><strong>imprimis</strong></span> <span class='ocrx_word' id='word_1_355' title='bbox 1486 6169 1641 6244; x_wconf 84' lang='lat' dir='ltr'><strong>magnam</strong></span> <span class='ocrx_word' id='word_1_356' title='bbox 1670 6143 1803 6220; x_wconf 85' lang='lat' dir='ltr'><strong>laudem</strong></span> <span class='ocrx_word' id='word_1_357' title='bbox 1828 6156 1881 6219; x_wconf 87' lang='lat' dir='ltr'><strong>est</strong></span> <span class='ocrx_word' id='word_1_358' title='bbox 1903 6141 2061 6238; x_wconf 83' lang='lat' dir='ltr'><strong>adeptus,</strong></span> <span class='ocrx_word' id='word_1_359' title='bbox 2094 6143 2151 6234; x_wconf 87' lang='lat' dir='ltr'><strong>qui</strong></span> 
     </span>
    </p>
   </div>
   <div class='ocr_carea' id='block_1_13' title="bbox 0 0 2595 7072">
    <p class='ocr_par' dir='ltr' id='par_1_13' title="bbox 0 0 2595 7072">
     <span class='ocr_line' id='line_1_33' title="bbox 0 0 2595 7072; baseline 0 0"><span class='ocrx_word' id='word_1_360' title='bbox 0 0 2595 7072; x_wconf 95' lang='lat' dir='ltr'><strong> </strong></span> 
     </span>
    </p>
   </div>
  </div>
 </body>
</html>
