5166 7072
1025 553 1066 636 Ι..
1098 549 1317 636 EULElll
1349 550 1516 636 OPERA
1548 549 1838 638 POSTHUMA.

1383 1177 1510 1320 vu

588 1605 591 1612 .
657 1579 664 1604 -·
752 1539 1228 1628 consideratione
1257 1541 1409 1626 circu
1436 1501 1690 1640 analyrtn
1715 1541 2119 1644 nropnoncoan.

529 2265 558 2281 ..
610 2207 717 2305 Saepe
747 2232 792 2281 ac
815 2208 959 2280 multum
985 2229 1117 2279 mecum
1142 2207 1307 2301 cogitavi,
1346 2228 1389 2278 an
1416 2229 1486 2278 non
1511 2205 1629 2280 liceret
1654 2166 1727 2276 eam
1752 2207 1927 2300 analysecs
1952 2219 2099 2302 partem,
2130 2232 2217 2304 quae
2243 2207 2440 2306 Diophantus

423 2353 584 2448 appellari
620 2352 724 2439 solet,
762 2350 871 2422 veluti
908 2350 1056 2442 reliquas
1091 2345 1283 2453 matheseos
1311 2327 1522 2440 disciplinas,
1560 2344 1604 2418 ad
1636 2357 1730 2418 certa
1760 2347 1870 2442 capita
1895 2369 2071 2434 revocare,
2109 2349 2233 2445 quibus
2257 2352 2442 2422 constitutis

424 2495 601 2566 universus
625 2493 728 2589 hujus
751 2491 925 2582 analeeos
950 2463 1155 2603 complexus,
1169 2488 1331 2582 perspici,
1369 2499 1405 2558 et
1429 2489 1551 2582 cuique
1577 2481 1779 2581 problemati
1802 2498 1922 2586 caput,
1954 2484 1999 2560 ad
2023 2489 2117 2585 qnod
2141 2485 2258 2562 referri
2285 2500 2440 2586 oporteat,

424 2637 589 2729 assignari
614 2643 731 2730 queat,
762 2642 803 2702 nt
826 2631 907 2704 hinc
933 2634 1094 2728 principia
1119 2633 1232 2704 statim
1246 2600 1485 2718 'inacescant
1516 2627 1702 2726 exquibus
1727 2631 1890 2727 cujusque
1916 2597 2134 2726 problematis
2156 2632 2360 2724 solutionem
2383 2633 2441 2728 peti

425 2777 617 2849 conveniat.
667 2772 796 2844 Verum
827 2785 1005 2868 postquam
1037 2774 1229 2867 complures
1242 2735 1469 2880 quaestiones
1492 2771 1561 2842 huc
1587 2773 1794 2866 pertinentes
1818 2771 1909 2844 omni
1934 2769 2047 2844 studio
2074 2783 2350 2868 pertractassem,
2378 2743 2455 2843 sin·⁴

427 2913 525 3010 gulas
549 2912 621 2986 sere
646 2913 709 2986 sihi
733 2935 872 3008 prorsus
896 2913 1082 3008 peculiares
1106 2910 1286 2982 methodos
1310 2921 1346 2980 et
1370 2910 1493 2982 calculi
1518 2903 1665 2984 artificia
1690 2911 1861 3006 postulare
1887 2909 2108 3005 deprehendi,
2142 2924 2181 2986 ut
2204 2913 2442 3011 propemodum

426 3054 571 3128 totidem
600 3054 702 3151 hujus
731 3055 907 3145 analyseos
936 3055 1048 3148 capita
1069 3043 1335 3124 constituenda·
1344 3037 1539 3138 rideantur,
1578 3061 1661 3146 quot
1691 3047 1899 3147 problemata
1927 3053 2181 3146 particularia
2171 3077 2207 3126 rn
2232 3053 2301 3128 hoc
2328 3078 2441 3152 genere

422 3198 569 3321 proponi
607 3206 760 3308 possunt
809 3195 857 3266 Er
893 3217 961 3292 quo
1000 3193 1095 3270 ιιιιΙΙο
1130 3191 1243 3268 adhuc
1274 3190 1375 3266 modo
1408 3191 1603 3292 intelligere
1629 3193 1742 3276 licet,
1765 3192 1940 3312 memorio
1970 3217 2035 3290 pro
2065 3195 2130 3267 hac
2153 3197 2329 3290 analecos
2354 3207 2441 3296 parte

426 3339 589 3436 principia
614 3337 784 3432 generalia
810 3337 989 3421 constitui,
1016 3309 1156 3430 eamque
1184 3336 1218 3409 in
1244 3305 1353 3406 certas
1378 3343 1489 3430 partes
1514 3331 1670 3408 distribui
1698 3343 1865 3430 oporteat
1958 3365 1962 3374 ·

523 3482 559 3552 2.
610 3479 740 3550 Divisio
778 3477 915 3574 quidem
953 3477 1057 3574 hujus
1092 3452 1310 3571 analeeos
1301 3501 1335 3550 m
1373 3475 1456 3550 duas
1487 3488 1601 3574 partes
1630 3480 1746 3550 statim
1770 3499 1806 3548 se
1831 3470 1949 3566 offert,
1989 3497 2130 3572 quarum
2157 3477 2261 3550 altera
2287 3477 2441 3576 ejusmodi

426 3619 683 3716 problemata
673 3642 707 3692 ιιι
744 3641 780 3690 se
816 3609 1070 3712 complectitur,
1109 3641 1254 3713 quorum
1284 3618 1468 3693 solutiones
1499 3621 1561 3688 ita
1577 3614 1639 3714 per
1668 3615 1828 3693 formulas
1859 3616 2033 3711 generales
2057 3615 2204 3689 exbiberi
2231 3629 2372 3714 queant,
2407 3627 2442 3689 ut

425 3783 544 3834 omnes
574 3763 672 3856 plane
702 3759 889 3855 solutiones
919 3761 953 3829 in
985 3761 1025 3856 iis
1055 3761 1308 3846 contineantur,
1344 3782 1384 3830 ex
1415 3761 1521 3856 iisque
1546 3759 1691 3834 derivari
1717 3769 1854 3856 queant.
1905 3755 2023 3830 Altera
2048 3767 2160 3830 autem
2185 3780 2261 3852 pars
2287 3757 2441 3855 ejusmodi
2559 3758 2564 3845 ξ

424 3903 677 3996 quaestionibus
708 3901 877 3972 solvendis
909 3910 1079 3987 versatur,
1117 3923 1259 3995 quarum
1284 3899 1408 3972 solutio
1433 3903 1602 3994 generalis
1627 3904 1820 3996 neutiquam
1846 3902 1879 3970 in
1905 3902 2006 3971 certis
2029 3895 2183 3972 formulis
2208 3898 2441 3994 comprehendi

425 4053 576 4166 potest,
594 4040 655 4142 sed
686 4043 733 4111 ita
763 4042 893 4165 institui
919 4039 1021 4127 solet,
1059 4051 1098 4110 ut
1121 4063 1160 4110 ex
1185 4039 1334 4134 qualibet
1359 4040 1565 4113 solutione
1550 4061 1622 4142 Jam
1646 4043 1783 4112 inventa
1809 4040 1893 4111 aliae
1919 4061 2025 4113 novae
2051 4036 2173 4110 deduci
2199 4050 2342 4138 queant,
2378 4062 2439 4140 quo
2564 4089 2565 4134 3

423 4186 458 4254 in
489 4149 650 4276 negotio
659 4193 772 4253 tamen
802 4183 924 4253 iterum
943 4152 1024 4252 'lere
1049 4175 1180 4252 infinita
1204 4185 1349 4252 varietas
1372 4205 1436 4277 pro
1458 4179 1589 4253 diversa
1616 4182 1861 4276 problematum
1886 4179 1997 4251 indole
2023 4182 2192 4262 seruitum
2230 4190 2266 4250 et
2290 4183 2438 4280 quoniam

424 4347 516 4402 nunc
541 4322 679 4419 quidem
705 4325 844 4394 maxima
870 4329 946 4416 pars
971 4322 1233 4416 problematum,
1258 4345 1344 4420 quae
1368 4323 1403 4393 in
1426 4321 1552 4414 analysi
1577 4320 1784 4417 Diophantea
1810 4323 1947 4393 tractari
1971 4321 2099 4407 solent,
2126 4319 2170 4392 ad
2196 4319 2284 4392 hanc
2309 4321 2436 4393 alteram

422 4474 551 4559 partem
576 4473 629 4536 est
645 4459 846 4550 referenda,
876 4463 984 4534 multo
1009 4463 1120 4532 minus
1144 4446 1295 4534 methodi
1325 4459 1369 4535 ad
1394 4484 1433 4534 ea
1458 4460 1632 4536 solvenda*
1646 4459 1919 4537 accommodatae
1944 4458 1989 4533 ad
2013 4468 2125 4530 cedas
2150 4459 2274 4532 classes
2298 4461 2438 4533 revocari

422 4626 519 4699 posse
548 4603 717 4676 videntur.
874 4585 876 4590 ¹
2561 4564 2564 4573 Ι

521 4743 554 4815 3.
606 4743 725 4838 Neque
749 4764 829 4814 rero
854 4741 910 4813 illa
936 4740 1057 4815 divisio
1082 4739 1328 4836 problematum
1352 4740 1430 4814 inde
1456 4745 1579 4839 petita,
1606 4740 1700 4839 quod
1724 4743 1788 4815 alia
1813 4741 2018 4816 solutionem
2045 4743 2257 4835 generalem,
2285 4743 2437 4813 incertis

420 4881 578 4958 iormulis
614 4885 788 4978 analyticis
824 4893 1033 4968 contentam,
1070 4881 1266 4980 admittant,
1304 4885 1369 4956 alta
1399 4907 1483 4958 vero
1513 4895 1647 4956 tantum
1677 4886 1862 4956 solutiones
1892 4883 2114 4978 particulares
2142 4885 2324 4978 recipiant,
2360 4905 2436 4978 quae

265 5011 270 5019 ’
421 5035 534 5096 tamen
558 5027 720 5096 continuo
745 5023 790 5096 ad
814 5024 898 5096 alias
922 5044 1027 5094 novas
1052 5019 1258 5118 perducant,
1290 5033 1361 5096 tam
1387 5033 1482 5097 certo
1508 5033 1561 5095 est
1585 5025 1750 5110 stabilita,
1781 5033 1821 5098 ut
1846 5023 1930 5096 haec
1954 5021 2025 5096 duo
2051 5021 2298 5117 problematum
2322 5043 2436 5117 genera

421 5165 467 5239 ob
505 5187 601 5236 snam
636 5176 791 5236 naturam
827 5165 962 5258 penitus
998 5185 1017 5234 a
1055 5185 1091 5234 se
1128 5165 1270 5236 invicem
1308 5162 1523 5252 dirimantur,
1563 5187 1647 5262 ¹cum
1686 5167 1800 5258 utique
1838 5165 1972 5239 evenire
2003 5173 2121 5260 queat,
2159 5173 2199 5234 ut
2229 5163 2435 5257 problemata,

303 5323 306 5328 ·
421 5329 507 5404 quae
543 5305 588 5378 ad
626 5308 844 5399 posteriorem
874 5314 1003 5399 partem
1035 5301 1209 5376 referenda
1238 5305 1410 5393 ridentur,
1448 5307 1550 5376 certis
1564 5303 1734 5413 ¹adhibitis
1757 5297 1911 5377 artificiis
1936 5306 2139 5399 generaliter
2161 5305 2285 5377 resolvi
2310 5311 2433 5398 queant

422 5445 619 5543 Cujnsmodi
658 5457 711 5520 est
745 5446 918 5562 problema
957 5445 999 5517 de
1037 5447 1148 5517 tribus
1178 5447 1274 5519 cubis
1303 5445 1528 5535 inveniendis,
1565 5469 1709 5542 quorum
1741 5468 1870 5518 summa
1901 5449 1946 5517 sit
1975 5446 2101 5527 cubus,
2138 5445 2236 5542 eujus
2260 5446 2434 5517 solutiones

421 5587 565 5660 antehac
595 5598 729 5658 uotum
761 5588 980 5684 particulares
1010 5599 1090 5659 sunt
1118 5587 1233 5675 datae,
1273 5587 1383 5660 donec
1414 5587 1572 5683 equidem
1603 5589 1677 5684 ejus
1701 5589 1904 5659 solutionem
1929 5587 2120 5680 generalem
2146 5585 2298 5673 exhibui,
2336 5586 2379 5655 ita
2402 5591 2435 5653 ut
2563 5611 2564 5692 J

421 5729 489 5801 boc
516 5727 687 5824 problema
711 5750 802 5799 nunc
828 5729 954 5822 primae
980 5730 1064 5821 parti
1089 5729 1338 5801 accensendum
1363 5727 1527 5802 videatur.

522 5867 689 5941 lucum
728 5871 832 5962 igitur
867 5867 1034 5939 hactenus
1072 5867 1168 5961 plura
1207 5869 1416 5962 problemata
1445 5869 1655 5964 Diophantea
1693 5873 1754 5942 sim
1785 5881 2033 5965 perscmtatus,
2071 5868 2162 5942 unde
2193 5817 2372 5940 mrdtitudo
2397 5885 2433 5932 ae
2563 5947 2564 5952 Ἰ

423 6015 565 6083 varietas
591 6007 846 6096 methodorum,
883 6007 1007 6102 quibus
1032 6006 1076 6078 ad
1102 6033 1139 6080 ea
1166 6009 1328 6082 solvenda
1354 6015 1403 6083 uti
1429 6015 1604 6100 convenit,
1640 6017 1781 6085 maxime
1807 6013 1933 6098 elucet,
1971 6033 2064 6081 nunc
2094 6009 2186 6081 aliud
2216 6011 2288 6105 ejus
2312 6005 2433 6100 generis

423 6151 613 6247 problema,
645 6147 738 6234 quod
764 6147 899 6244 quidem
925 6147 1016 6242 apud
1040 6160 1197 6223 auctores
1223 6153 1344 6246 passim
1370 6155 1537 6238 occurrit,
1568 6135 1842 6252 contemplabor,
1866 6151 1959 6246 qnod
1984 6155 2030 6222 ita
2055 6175 2091 6222 se
2117 6149 2235 6226 habet:
