5198 7072
431 545 512 628 aaa
1059 535 1104 620 u.
1133 535 1350 620 sunnin
1379 535 1549 622 ornan
1577 533 1866 621 rosunum.
2297 561 2443 645 Q,
2591 467 2593 532 ³

279 773 286 784 '
431 755 640 850 extenditur,
670 767 803 832 terim
825 756 1075 832 munientem
1099 759 1222 854 capiet
1273 755 1383 830 Facile
1408 757 1498 828 enim
1523 765 1633 852 patet,
1657 757 1686 828 ei
1710 749 1821 850 hgma
1846 754 1973 850 Pllirrp
1996 755 2087 828 eirca
2113 775 2208 828 arem
2233 755 2289 852 Pp
2312 767 2456 848 micina,
2592 759 2593 764 ’

431 905 600 978 oriturum
623 923 697 974 ease
720 897 881 988 solidum,
907 922 977 996 quo
1000 902 1247 972 incrementum
1271 887 1454 994 superioris
1478 895 1579 970 solidi
1600 893 1741 972 rotundi
1765 905 2051 990 repraesentetur.
2086 893 2195 979 Simili
2214 895 2320 972 modo
2338 921 2457 996 snp-

429 1035 526 1116 licies
563 1038 755 1128 conoidica,
791 1063 878 1138 quae
915 1042 1134 1116 conversione
1171 1061 1273 1114 mens
1302 1039 1370 1110 Mra
1398 1041 1490 1112 circa
1522 1061 1617 1110 arem
1648 1038 1703 1134 Pp
1735 1047 1935 1132 maenus,
1973 1036 2122 1134 aequalis
2149 1039 2214 1110 erit
2244 1039 2455 1112 incremendo

431 1173 622 1278 superficiei
661 1181 762 1256 solidi
796 1181 888 1255 illiue
923 1180 1079 1269 rotundi,
1117 1179 1211 1276 quod
1245 1183 1468 1254 conversione
1505 1181 1671 1276 portionis
1708 1201 1833 1252 curvae
1868 1180 2075 1274 propositae,
2113 1201 2200 1276 quae
2233 1179 2405 1254 abucina
2430 1206 2456 1252 c

430 1319 616 1420 respondet
639 1320 859 1420 producitur,
883 1321 965 1396 dum
989 1324 1123 1396 scilicet
1145 1323 1297 1396 abscissa
1322 1345 1350 1392 c
1374 1325 1620 1396 incrementum
1645 1323 1737 1418 capit
1759 1322 1874 1416 Pp=
1887 1321 1959 1393 Ac.

533 1465 567 1538 8.
618 1463 786 1538 Ponamns
820 1485 912 1536 nunc
945 1467 1195 1538 incrementum
1224 1463 1437 1560 Pp=An,
1476 1462 1570 1562 qnod
1598 1461 1765 1536 bactenm
1794 1471 1957 1558 numam
1987 1454 2125 1536 linitum
2155 1461 2454 1553 considerav'nnua,

432 1599 509 1678 lieri
532 1597 666 1678 infinite
691 1627 851 1702 parvum,
888 1593 950 1678 sen
973 1609 1009 1678 in
1032 1603 1178 1679 nibilum
1202 1605 1312 1696 abire,
1343 1615 1446 1701 atque
1471 1603 1642 1678 exhibebit
1664 1605 1720 1701 Pp
1744 1597 1966 1677 differentiale
1990 1605 2096 1700 ipsine
2118 1603 2288 1679 abscissae
2314 1630 2359 1695 c,
2400 1629 2458 1682 aen

432 1749 498 1819 erit
523 1747 577 1844 Pp
590 1747 713 1818 :dn
762 1747 826 1820 llic
849 1747 988 1844 quidem
1013 1750 1176 1844 imprimis
1200 1745 1409 1823 monendum
1434 1757 1503 1835 est,
1529 1769 1608 1822 cum
1633 1749 1669 1818 in
1693 1741 1808 1842 ligura
1832 1749 2038 1842 quantitates
2063 1757 2303 1820 evanescentes
2321 1769 2457 1845 reprae-

432 1891 560 1966 sentari
586 1899 772 1986 nequeant,
795 1887 915 1962 isdem
939 1911 1001 1962 nos
1025 1888 1287 1986 quantitatibus,
1314 1911 1402 1986 quae
1427 1899 1505 1962 ante
1528 1893 1738 1962 incrementa
1761 1881 1858 1962 fiam
1883 1887 2122 1984 designabant,
2151 1886 2197 1960 ad
2223 1883 2456 1966 Mercurialis

431 2026 716 2128 repraesentanda
750 2031 813 2104 uti.
864 2029 1058 2126 Requiritur
1095 2051 1180 2125 ergo
1212 2027 1258 2104 ad
1287 2027 1354 2104 boc
1384 2032 1486 2104 animi
1516 2023 1631 2137 fictio,
1656 2051 1725 2125 qua
1749 2051 1818 2104 non
1843 2039 1914 2102 tam
1940 2031 2013 2126 ipsa
2037 2029 2127 2102 linea
2151 2030 2220 2126 Pp,
2258 2053 2363 2127 quam
2387 2035 2456 2132 ejus

432 2172 528 2266 quusi
566 2187 645 2262 pars
681 2163 901 2244 infinitesima
936 2165 1159 2244 differentialis
1195 2170 1248 2244 dn
1283 2173 1468 2268 exprimere
1486 2175 1490 2184 ’
1505 2165 1729 2267 concipienda
1762 2179 1827 2242 eet.
1876 2167 2046 2242 Punctum
2078 2167 2261 2265 scilicetp
2292 2175 2456 2248 continuo

432 2311 571 2406 propina
595 2307 640 2382 ad
663 2309 697 2382 P
719 2307 893 2383 admoveri
917 2303 1117 2405 lingendum
1143 2321 1212 2400 est,
1238 2321 1276 2384 et
1299 2321 1390 2400 tum,
1416 2333 1495 2386 cum
1519 2313 1556 2384 in
1581 2311 1615 2384 P
1637 2329 1754 2382 revera
1778 2306 1914 2395 incidit,
1938 2317 2040 2404 etque
2062 2303 2149 2380 adeo
2168 2309 2386 2384 intervalium
2404 2314 2455 2408 Pp

431 2452 621 2540 evanescit,
658 2449 833 2547 praebebit
861 2451 918 2548 Pp
948 2447 1171 2527 differentiale
1201 2452 1264 2526 der.
1314 2451 1514 2550 Quanquam
1543 2472 1627 2548 ergo
1659 2445 1877 2522 intervallum
1903 2447 1957 2544 Pp
1987 2449 2024 2520 in
2051 2440 2167 2544 ligura
2195 2440 2331 2522 finum
2355 2449 2456 2524 habet

433 2589 717 2687 magnitudinem,
742 2600 857 2665 tamen
882 2591 919 2665 id
943 2604 1057 2665 mente
1081 2604 1243 2692 tanquam
1268 2587 1402 2666 infinite
1425 2613 1567 2689 parvum
1591 2601 1628 2663 et
1646 2611 1849 2664 evanescens
1868 2591 2002 2686 concipi
2021 2597 2175 2688 oportet,
2197 2587 2337 2686 hocque
2356 2591 2456 2664 modo

432 2735 569 2828 quaevis
592 2727 843 2822 differentialis,
875 2735 1005 2808 etiamsi
1028 2757 1143 2808 revera
1169 2738 1239 2809 sint
1262 2735 1371 2823 nulla,
1398 2755 1459 2832 per
1482 2727 1628 2830 liguram
1651 2741 1901 2828 repracsentare
1926 2729 2052 2804 licebit

371 2971 374 2980 ,
514 2841 568 2945 ’9.
619 2871 656 2946 Si
681 2876 787 2970 igitur
810 2839 1026 2950 intervalium
1050 2877 1105 2972 Pp
1130 2887 1291 2974 tanquam
1315 2869 1447 2950 inlinite
1467 2893 1614 2972 'parvum
1638 2875 1886 2970 concipiamus,
1912 2882 1953 2946 nt
1976 2873 2023 2944 sit
2045 2871 2160 2970 Pp=
2174 2872 2243 2962 dn,
2268 2875 2457 2948 incremen-

432 3025 507 3088 tum
530 3013 719 3112 applicatae
744 3037 819 3106 mo,
859 3014 953 3112 quod
975 3027 1054 3088 ante
1078 3027 1150 3090 erat
1174 3011 1311 3091 linitum
1336 3018 1473 3108 =Ay,
1510 3037 1602 3090 nunc
1634 3008 1856 3088 differentiale
1882 3013 1935 3105 ἄγ’
1956 3015 2237 3110 repraesentabit,
2277 3017 2325 3088 ita
2351 3022 2457 3112 nteit

434 3157 624 3250 ἰιι-ἀγ.
673 3156 832 3243 Quamvis
855 3169 970 3233 autem
995 3169 1137 3258 utraque
1161 3159 1248 3234 linea
1272 3161 1326 3258 Pp
1356 3171 1392 3234 et
1415 3183 1472 3232 ran
1502 3163 1546 3232 sit
1575 3153 1708 3232 infinite
1734 3179 1854 3256 parva,
1891 3167 2005 3232 umen
2033 3159 2137 3248 ratio,
2175 3181 2264 3255 quae
2287 3161 2379 3234 inter
2403 3185 2456 3234 eae

433 3298 549 3374 locum
574 3299 720 3388 obtinet,
747 3303 812 3372 erit
836 3295 952 3390 linita,
982 3293 1115 3398 quotics
1140 3296 1367 3376 differentiale
1396 3297 1583 3378 functionis
1608 3325 1636 3394 γ
1663 3299 1709 3374 ad
1738 3293 1961 3374 differentiale
1989 3299 2042 3372 dn
2069 3292 2201 3372 linitam
2229 3311 2327 3374 tenet
2353 3307 2457 3376 ratio·

433 3461 523 3514 nem.
573 3440 674 3515 ilatio
698 3443 786 3514 euim
810 3421 934 3534 dytdc
958 3442 1155 3542 plerumque
1180 3455 1234 3518 est
1257 3438 1374 3536 linita,
1410 3455 1515 3542 atque
1546 3441 1688 3517 candem
1711 3443 1877 3518 rationem
1907 3405 2124 3514 habebitque
2149 3439 2273 3538 ade
2299 3465 2364 3516 seu
2385 3445 2455 3534 ile,

433 3582 566 3656 etiamsi
596 3592 738 3680 utraque
764 3557 976 3682 concipiatur
998 3579 1133 3658 infinite
1156 3609 1260 3684 parva
1295 3609 1357 3660 seu
1387 3587 1493 3660 nulla.
1543 3586 1592 3660 Ex
1620 3608 1688 3682 quo
1714 3585 1931 3682 perspicuum
1954 3593 2025 3672 est,
2055 3583 2119 3656 etei
2142 3583 2179 3656 in
2201 3582 2335 3658 odorio
2360 3579 2457 3660 dide·

433 3723 566 3797 rentiali
585 3728 767 3824 praecipue
786 3730 991 3823 quantitates
1008 3721 1140 3802 infinite
1157 3751 1281 3826 parvae
1301 3752 1362 3804 seu
1380 3738 1619 3802 evanescentes
1636 3737 1842 3815 tractentur,
1862 3737 1975 3800 nmen
1992 3747 2032 3798 er
2051 3726 2092 3798 iis
2110 3727 2318 3822 quantitates
2335 3721 2454 3816 linitas,

435 3886 521 3960 quae
550 3865 682 3939 scilicet
704 3871 851 3940 rationes
882 3862 1152 3944 differentialium
1182 3874 1365 3944 metiantur
1394 3870 1567 3959 obtineri,
1596 3871 1711 3968 sicque
1741 3868 1994 3957 conclusiones,
2031 3888 2118 3965 quae
2148 3867 2227 3942 inde
2256 3863 2456 3960 formantur,

435 4003 481 4078 ad
516 4025 628 4100 geum
665 4010 891 4102 quantitatum
920 4005 1096 4087 finitarum
1121 4017 1269 4086 vicissim
1293 4015 1582 4110 revocari'posse.

537 4147 595 4220 10.
645 4144 810 4232 Quoniam
845 4151 950 4245 igitur
985 4153 1203 4226 intervalium
1232 4155 1288 4248 Pp
1318 4173 1526 4226 evanescens
1561 4153 1767 4248 concipitur,
1804 4159 1932 4247 puncta
1965 4169 2089 4224 curvae
2125 4151 2166 4224 ii
2197 4159 2234 4222 et
2263 4169 2299 4220 ra
2328 4139 2455 4222 inlicite

434 4307 554 4382 parum
590 4307 612 4359 a
648 4307 685 4358 ee
715 4287 859 4360 invicem
889 4287 1080 4382 distabunt,
1117 4295 1234 4390 sicque
1264 4295 1469 4367 elementum
1498 4317 1623 4370 curvae
1653 4295 1722 4367 liba
1751 4295 1817 4366 erit
1841 4286 1979 4388 infinite
2009 4315 2171 4390 parvum
2208 4313 2250 4366 ac
2280 4303 2454 4392 propterea

435 4429 555 4521 quavis
578 4428 774 4522 assignabili
798 4433 985 4526 quantitate
1010 4436 1132 4508 minus.
1182 4433 1280 4509 Unde
1304 4436 1372 4510 hoc
1396 4435 1568 4512 commodi
1592 4439 1835 4526 nanciscimur,
1860 4447 1902 4510 ut
1924 4434 1991 4508 hoc
2015 4457 2136 4510 cmvae
2162 4433 2368 4508 elementum
2390 4436 2454 4508 idn

295 4617 299 4626 -
435 4577 597 4664 tanquam
621 4569 746 4642 lineola
771 4581 862 4644 recta
886 4575 1094 4648 considerari
1120 4582 1235 4673 possit
1287 4579 1454 4674 Fingatur
1477 4581 1568 4651 enim
1594 4601 1655 4678 per
1678 4587 1804 4675 puncta
1827 4581 1869 4652 M
1886 4587 1923 4649 et
1945 4599 1979 4648 rr
2002 4575 2083 4648 duci
2107 4573 2212 4656 corda
2236 4577 2321 4664 liar,
2357 4574 2455 4672 hujus
2571 4587 2576 4602 '

437 4705 618 4803 longitudo
647 4731 690 4783 eo
715 4713 826 4784 minus
850 4735 870 4786 a
895 4713 1107 4812 longitudine
1131 4743 1231 4794 arcus
1256 4724 1325 4795 Mm
1350 4719 1571 4817 discrepabit,
1608 4741 1677 4816 qno
1703 4723 1810 4815 magis
1833 4741 1934 4792 mcua
1959 4721 2027 4824 Mna
2051 4717 2274 4806 diminuatur,
2313 4715 2454 4812 hincque

393 4833 396 4838 ⁵
438 4849 504 4922 isto
540 4871 624 4923 arou
658 4854 693 4923 ln
730 4847 900 4928 inlinitum
931 4858 1130 4952 diminuto,'
1152 4887 1253 4936 omne
1285 4862 1468 4936 discrimen
1498 4866 1588 4937 inter
1615 4865 1724 4960 ipsum
1755 4873 1791 4934 et
1820 4861 1959 4936 cordam
1985 4859 2244 4936 subtendentenr
2269 4865 2454 4939 evanescet,
2524 4835 2530 4848 ⁵

372 5089 375 5096 .
437 4987 612 5086 ebibitque
648 4995 738 5066 ratio
773 5017 873 5068 arcun
910 4999 952 5072 ad
990 5000 1129 5076 cordam
1159 5007 1195 5076 in
1230 5008 1396 5078 rationem
1425 5005 1647 5102 aequalitatis.
1700 5001 1872 5078 Continuo
1903 5005 1992 5076 enim
2022 4998 2240 5075 diminuendo
2269 4997 2453 5071 distantm

438 5139 644 5226 punctorum
668 5133 710 5204 M
729 5143 764 5206 et
786 5159 834 5225 ra,
861 5141 1021 5237 quamdiu
1046 5153 1227 5218 curvatura
1252 5149 1287 5218 in
1309 5169 1393 5219 arcu
1412 5147 1478 5218 illm
1496 5144 1781 5242 deprehenditur,
1804 5145 1949 5218 ulterius
1972 5143 2130 5218 distantia
2155 5140 2224 5212 idm
2242 5137 2452 5221 diminuatur,

438 5291 479 5342 ex
509 5291 580 5368 quo
617 5270 835 5349 manliostum
864 5292 933 5371 eat,
970 5286 999 5356 si
1031 5284 1190 5360 dicentia
1220 5287 1306 5362 baec
1337 5290 1372 5362 in
1402 5281 1573 5362 infinitum
1601 5283 1716 5362 inerit¹
1730 5285 1913 5376 diminuta,
1949 5287 2114 5358 rationem
2137 5281 2350 5380 aequalitatis
2372 5277 2455 5352 iuter

438 5411 594 5486 menium
623 5417 689 5486 lllm
713 5409 845 5516 atejus
867 5423 1008 5497 cordam
1033 5428 1245 5503 intercedere
1269 5429 1404 5504 debere.

541 5556 599 5626 ii.
652 5553 724 5629 ileo
754 5581 839 5656 ergo
870 5563 1141 5642 consideratione
1172 5569 1217 5662 ad
1241 5565 1375 5646 infinite
1400 5597 1503 5670 parva
1526 5573 1709 5664 translate,
1746 5569 1953 5666 clangulum
1979 5569 2090 5658 Maur,
2124 5563 2218 5663 quod
2240 5561 2398 5661 quamdin
2421 5563 2454 5630 in

438 5684 544 5767 linitis
580 5695 816 5792 versabamur,
852 5717 925 5790 erat
959 5711 1196 5802 mixtilinenm‚
1235 5737 1327 5786 nunc
1357 5713 1480 5788 evadet
1512 5713 1757 5804 rectilineum,
1780 5711 1926 5808 ideoque
1958 5711 2034 5808 ejus
2063 5708 2272 5804 hypotenusa
2305 5703 2370 5774 dim
2398 5721 2455 5796 per

439 5831 612 5918 litteratura
636 5839 891 5944 pythagoricum
917 5853 1080 5945 assignari
1106 5856 1243 5949 poterii.
1275 5853 1381 5940 ‚Cum
1404 5860 1495 5932 enim
1520 5861 1554 5930 in
1578 5857 1751 5952 triangulo
1777 5857 1870 5928 illum
1895 5851 1941 5926 ad
1964 5875 1989 5925 n
2012 5847 2214 5944 rectangulo
2237 5849 2283 5918 sit

737 5995 740 6000 ’
1128 5997 1461 6094 Mn=Pp=doc,
1512 6009 1548 6071 et
1596 5997 1788 6089 nrn=dy,

440 6115 505 6188 erit
541 6111 754 6214 hypotenusa
783 6125 910 6204 Mm==
925 6123 1108 6229 νῶτ’-ι-
1122 6133 1217 6238 ff)-
1267 6137 1410 6214 malms
1445 6149 1559 6216 autem
1595 6137 1680 6213 haec
1712 6135 1837 6212 lineola
1868 6135 1936 6208 ilica
1971 6123 2193 6206 did'emntiale
2221 6129 2327 6225 ipsius
2356 6125 2456 6199 noea
