5192 7068
402 541 456 622 54
1040 531 1083 610 L.
1114 530 1335 612 EULERI
1367 529 1533 612 OPERA
1562 531 1851 614 Postuumn.
2219 557 2413 626 collocata.

502 761 585 832 lbi.
636 756 781 842 Quaeris
806 754 922 826 classis
947 763 1002 826 tot
1028 752 1183 824 continet
1206 755 1372 824 terminos
1396 761 1483 846 quot
1507 763 1588 824 sunt
1605 750 1759 834 residua,
1784 762 1818 822 et
1838 725 1955 822 omnes
1975 757 2107 824 termini
2128 753 2247 824 barum
2267 755 2421 826 classium

402 913 523 974 sunta
547 923 584 972 se
609 901 753 970 invicem
779 895 914 968 diversi.
966 893 1125 990 Ejusdem
1151 892 1288 987 quidem
1321 893 1436 964 classis
1466 895 1600 964 termini
1627 889 1804 965 manifesto
1830 903 1910 965 sunt
1934 893 2073 978 diversi;
2105 895 2282 968 diversitas
2310 908 2422 968 autem

402 1045 633 1116 terminorum⁴
650 1042 684 1110 in
710 1037 853 1110 diversis
877 1035 1040 1110 classibus
1059 1039 1105 1106 ita
1129 1035 1337 1106 ostendetur.

501 1189 584 1258 tut.
636 1182 672 1254 Si
696 1203 747 1251 αω
772 1177 1001 1273 aequivaleret
1020 1179 1081 1270 ipsi
1106 1170 1191 1262 flod,
1216 1171 1309 1247 toret
1332 1171 1539 1264 βω’-αω,
1564 1175 1708 1272 ideoque
1736 1179 1878 1264 βω-α
1897 1201 1956 1272 per
1976 1183 2101 1272 tq÷t
2127 1177 2308 1266 divisibile,
2332 1179 2423 1252 unde

401 1353 479 1406 oum
508 1351 532 1397 ω
556 1329 601 1398 sit
625 1322 812 1407 residuum,
835 1321 893 1406 βω
919 1342 1053 1414 quoque
1078 1327 1167 1388 esset
1190 1317 1362 1389 residuum
1389 1319 1452 1410 ipsi
1478 1320 1709 1411 aequivalens,
1736 1318 1829 1412 qnod
1854 1330 1943 1390 esset
1968 1319 2162 1392 absurdum.
2200 1319 2306 1394 Simili
2327 1322 2424 1395 modo

402 1475 430 1546 si
455 1495 521 1559 αω,
553 1467 608 1539 vel
633 1463 700 1536 oc²
726 1465 922 1535 conveniret
946 1483 1023 1532 cum
1047 1454 1132 1546 lind,
1161 1455 1250 1530 loret
1276 1459 1328 1528 vel
1355 1453 1539 1546 ω-βω“,
1566 1460 1619 1530 vel
1644 1487 1728 1528 a-
1741 1461 1799 1546 βω
1823 1459 1989 1533 divisibile
2016 1485 2074 1557 per
2100 1468 2204 1558 leq-r·
2222 1466 2256 1551 l,
2283 1462 2423 1559 ideoque

403 1610 491 1700 βω’,
515 1609 572 1682 vel
596 1610 655 1694 βω
679 1611 714 1677 in
739 1605 871 1676 residua
896 1607 1069 1689 transiret,
1098 1613 1217 1673 contra
1243 1600 1456 1694 hypothesin.
1539 1567 1544 1572 Ι
1710 1695 1713 1702 .

504 1753 587 1822 tta.
638 1747 724 1818 lllnc
749 1748 778 1816 si
804 1767 963 1816 numerus
988 1743 1197 1814 residuorum
1222 1747 1266 1812 sit
1291 1767 1391 1830 ..z-n,
1429 1763 1591 1812 numerus
1615 1737 1919 1812 uon-residuorum
1944 1744 2009 1812 erit
2034 1745 2095 1830 3η,
2128 1743 2181 1813 vel
2214 1745 2331 1816 saltem
2358 1765 2424 1816 uon

402 1899 466 1966 erit
490 1896 600 1965 minor
624 1909 724 1986 quam
752 1889 809 1958 3η.
859 1889 910 1958 Ac
937 1889 964 1956 si
990 1890 1025 1956 in
1050 1885 1158 1957 tribus
1182 1887 1376 1955 memoratis
1400 1883 1562 1954 classibus
1588 1885 1699 1954 omnia
1724 1881 1965 1970 non-residua
1993 1887 2250 1973 contineantur,
2288 1907 2426 1960 necesse

403 2047 455 2108 cst
478 2037 524 2106 sit
548 2008 734 2105 multitudo
759 2042 828 2100 tam
852 2027 1066 2100 residuorum
1092 2049 1193 2120 quam
1220 2023 1522 2098 non-residuorum
1545 2025 1691 2120 junctim
1715 2034 1824 2096 sumta
1851 2056 1898 2088 ε
1913 2029 1973 2119 iq,
1999 2025 2144 2121 ideoque
2171 2051 2301 2122 n=q.
2340 2118 2343 2123 Ι

504 2179 587 2250 tan.
640 2173 699 2244 llis
724 2171 885 2243 classibus
910 2175 953 2240 ita
982 2180 1021 2240 ut
1044 2166 1186 2240 lecimus
1211 2166 1401 2262 dispositis,
1427 2164 1642 2237 manilestum
1668 2176 1721 2236 est
1741 2165 1903 2260 producta
1929 2191 1966 2236 er
1991 2167 2077 2238 binis
2103 2170 2335 2241 non-residuis
2360 2181 2425 2242 tam

404 2322 529 2416 primae
561 2338 661 2411 quam
696 2317 816 2384 tertiae
847 2311 963 2382 classis
988 2313 1022 2380 in
1048 2311 1156 2382 classe
1178 2309 1326 2380 secunda
1356 2311 1538 2390 contineri;
1577 2306 1698 2378 deindc
1731 2331 1810 2378 vero
1837 2307 2002 2402 producta
2027 2309 2077 2379 vel
2103 2317 2147 2380 en'
2167 2311 2254 2381 binis
2279 2316 2429 2384 terminis

403 2457 571 2531 secundae
609 2457 738 2541 classis,
781 2455 835 2524 rel
871 2477 910 2522 ex
944 2454 1089 2523 termino
1128 2455 1255 2544 primae
1292 2453 1325 2520 in
1364 2453 1543 2520 terminum
1575 2451 1693 2520 tertiae
1725 2452 1760 2519 iu
1793 2448 1945 2520 ordinem
1977 2449 2189 2523 residuorum
2226 2452 2425 2548 transgredi.

405 2593 613 2674 Productum
637 2608 750 2668 autem
775 2619 814 2666 er
839 2597 982 2665 termino
1009 2597 1132 2688 primae
1157 2596 1190 2662 in
1223 2595 1403 2662 torminum
1427 2589 1595 2662 secundae
1621 2592 1736 2662 classis
1760 2595 1928 2686 reperitur
1953 2593 1987 2661 iu
2013 2595 2110 2662 tortia
2135 2595 2249 2682 classi,
2289 2607 2324 2665 at
2350 2619 2428 2690 pro·

406 2741 549 2813 ductum
572 2763 616 2810 ex
637 2737 788 2810 secunda
815 2737 921 2806 classe
947 2737 981 2804 in
1005 2737 1139 2806 tertiam
1164 2737 1331 2827 reperitur
1356 2736 1390 2804 iu
1417 2735 1534 2826 prima.

506 2883 588 2952 tat.
639 2879 725 2949 llinc
750 2879 951 2971 intelligitur
972 2899 1081 2970 ‘noque
1108 2879 1142 2945 in
1170 2878 1283 2969 prima,
1310 2897 1420 2968 noque
1446 2877 1481 2944 in
1508 2876 1608 2944 tertia
1628 2873 1734 2944 classe
1755 2897 1930 2946 numerum
1950 2874 2153 2970 quadratum
2173 2878 2285 2949 locum
2304 2877 2428 2950 habere

406 3047 521 3121 posse,
553 3026 711 3117 quoniam
738 3024 766 3090 is
793 3023 886 3088 inse
914 3021 1021 3111 ipsum
1047 3015 1171 3087 ductus
1197 3013 1289 3088 foret
1313 3014 1496 3086 residuum.
1547 3012 1626 3085 Sola
1652 3037 1734 3108 ergo
1759 3015 1909 3086 secunda
1934 3017 2051 3088 classis
2075 3021 2226 3089 continet
2251 3019 2426 3114 quadrata,

405 3177 440 3236 et
465 3167 625 3260 quoniam
649 3161 782 3233 residua
808 3163 907 3230 etiam
934 3170 974 3228 ut
999 3157 1162 3252 quadrata
1188 3161 1331 3251 spectari
1357 3167 1515 3250 possunt,
1541 3155 1725 3228 multitudo
1751 3161 1899 3228 omnium
1926 3158 2165 3252 quadratorum
2189 3171 2241 3230 est
2265 3145 2388 3232 :¹2n.

487 3321 590 3399 'tta
641 3326 677 3397 Si
710 3321 859 3395 socianda
890 3323 1003 3392 classis
1035 3343 1113 3392 cum
1144 3319 1287 3390 residuis
1321 3323 1431 3390 omnia
1462 3318 1622 3413 quadrata
1656 3319 1919 3430 complectatur,
1957 3345 2043 3415 quae
2074 3332 2114 3392 ut
2138 3321 2271 3395 residua
2298 3323 2430 3398 diversa

405 3477 563 3562 respectu
588 3465 742 3536 divisoris
770 3467 894 3558 tq÷t
924 3464 1067 3556 spectari
1093 3471 1255 3556 possunt,
1282 3484 1492 3555 quorumque
1518 3483 1679 3532 numerus
1704 3471 1756 3532 ost
1775 3463 1885 3555 :aq
1913 3473 1952 3532 ut
1975 3465 2010 3532 in
2031 3463 2173 3535 residuis
2192 3464 2430 3559 quadratorum

405 3608 566 3695 vidimus,
595 3608 640 3679 ob
666 3607 848 3696 2n=2q,
882 3603 1026 3696 ideoque
1054 3607 1159 3672 tn:
1175 3608 1236 3696 lq,
1273 3624 1389 3672 omnes
1414 3604 1544 3674 numeri
1571 3607 1642 3698 ipso
1668 3602 1811 3675 divisore
1837 3607 1984 3676 minores
2009 3603 2192 3694 habentur,
2226 3629 2336 3702 neque
2363 3609 2430 3680 ulla

408 3702 583 3822 dabuntur
606 3745 839 3818 non-residua
866 3748 899 3814 iu
925 3745 1048 3814 uostris
1074 3745 1183 3814 tribus
1208 3745 1369 3814 classibus
1394 3769 1463 3816 non
1489 3755 1665 3832 contenta,
1692 3747 1820 3840 eritque
1848 3768 1975 3840 n=q,

441 3887 442 3892 ἵ
508 3911 589 3982 ῑι33.
623 3907 677 3978 ‘Si
716 3922 802 4000 ergo'
838 3909 913 4000 quis
951 3904 1102 3993 dubitet,
1143 3929 1185 3979 au
1222 3880 1256 3974 in
1288 3908 1412 3976 nostris
1444 3907 1551 3976 tribus
1583 3903 1894 3978 non-residuorum
1925 3907 2086 3978 classibus
2111 3931 2227 3980 omnes
2252 3922 2432 3982 occurrant

407 4053 555 4138 numeri,
595 4052 652 4145 qui
687 4072 757 4121 uon
794 4051 861 4117 sint
898 4047 1047 4134 residua,
1086 4047 1153 4119 boc
1186 4045 1326 4117 dubium
1357 4047 1515 4132 tolletur,
1554 4051 1582 4117 si
1615 4046 1833 4118 ostendamus
1864 4048 1992 4119 nullum
2023 4047 2092 4120 dari
2119 4049 2320 4144 quadratum
2346 4076 2432 4125 nou-

408 4191 601 4278 residuum,
640 4187 734 4284 qnod
764 4212 832 4259 non
862 4191 896 4258 iu
926 4187 1073 4258 secunda
1106 4187 1211 4258 classe
1237 4191 1461 4260 contineatur.
1514 4187 1557 4284 Si¹
1576 4191 1664 4258 enim
1687 4211 1734 4284 η’
1758 4199 1849 4258 esset
1873 4189 1939 4259 tale
1964 4189 2182 4283 quadratum,
2217 4191 2296 4263 iude
2322 4197 2432 4264 statim

409 4346 479 4405 tres
503 4354 612 4405 novae
637 4333 761 4402 classes
786 4329 1102 4401 nou-residuorum
1131 4341 1357 4423 emergerent,
1397 4325 1554 4424 foretque
1574 4331 1647 4426 jam
1672 4353 1834 4402 numerus
1859 4331 2172 4436 non-residuorum
2199 4338 2311 4421 =6n,
2339 4337 2432 4406 acsi

410 4498 500 4548 nunc
526 4469 760 4546 non-residua
788 4481 901 4580 essent
930 4472 1114 4564 completa,
1146 4469 1235 4542 loret
1262 4474 1370 4540 7ης-
1386 4474 1442 4565 lq.

510 4639 591 4712 tat.
643 4635 770 4706 Verum
795 4634 887 4728 quod
913 4635 978 4704 talo
1005 4634 1202 4728 quadratum
1224 4659 1293 4724 yy,
1325 4647 1395 4705 tres
1421 4659 1527 4706 novas
1552 4635 1676 4707 classes
1701 4637 2001 4708 nou-residuorum
2027 4649 2103 4730 post
2127 4662 2162 4708 se
2187 4637 2340 4726 trahens,
2369 4662 2434 4711 non
2556 4737 2558 4741 ι

411 4777 524 4862 detur,
549 4779 596 4846 ita
621 4774 826 4845 ostenditur:
879 4773 953 4845 Sint
977 4785 1046 4845 tres
1071 4775 1194 4845 classes
1219 4799 1258 4845 ex
1282 4777 1342 4845 tali
1367 4776 1530 4870 quadrato
1558 4775 1719 4847 oriundae
1746 4787 1780 4846 et
1808 4775 1974 4872 prioribus
1999 4777 2207 4874 adjiciendae

410 4940 470 5012 ¹V·
518 4962 560 5029 ν,
587 4963 648 5050 aa,
674 4939 745 5026 oy,
774 4949 934 5028 matw-
1108 4938 1151 5008 V·
1199 4935 1254 5026 ab
1287 4932 1361 5028 <ab
1394 4937 1473 5028 mi
1506 4937 1583 5030 ert
1612 4950 1677 5009 ete.
1851 4938 1910 5010 Vl·
1958 4935 2011 5030 7³,
2039 4935 2112 5030 voi,
2139 4933 2222 5029 ert
2249 4933 2329 5029 β’,
2356 4951 2433 5024 ete,

411 5103 554 5200 quarum
591 5100 742 5196 singulae
781 5123 803 5170 n
832 5103 992 5170 terminos
1028 5099 1265 5186 continebunt,
1302 5123 1342 5171 ac
1368 5098 1455 5172 duos
1480 5123 1580 5174 casus
1605 5101 1780 5182 examinari
1813 5113 1961 5196 oportet,
2000 5104 2144 5176 alterum
2174 5127 2240 5198 quo
2272 5127 2323 5194 ωγ
2349 5115 2437 5176 esset

410 5243 597 5328 residuum,
625 5243 768 5313 alterum
793 5265 861 5335 quo
886 5253 976 5312 esset
1002 5240 1288 5315 non-residuum.

511 5408 594 5479 tas.
646 5403 699 5478 Sit
735 5429 785 5494 ωγ
821 5403 1009 5491 residuum,
1050 5416 1150 5500 atquc
1186 5427 1302 5508 omnes
1332 5409 1465 5478 termini
1495 5407 1611 5478 classis
1641 5417 1781 5500 quartae
1811 5430 1870 5501 per
1901 5431 1928 5476 ω
1952 5407 2180 5500 multiplicati,
2221 5409 2350 5480 scilicet
2374 5431 2435 5500 ωγ,

412 5569 502 5635 noy,
529 5547 625 5636 βωγ,
655 5571 744 5638 puy,
770 5558 837 5620 eto.
875 5570 1015 5620 numero
1046 5573 1085 5634 n,
1125 5561 1225 5622 erunt
1254 5548 1404 5637 residua..
1452 5551 1579 5623 Verum
1609 5554 1711 5622 etiam
1743 5573 1859 5622 omnes
1883 5554 2015 5621 termini
2043 5552 2159 5622 classis
2184 5558 2303 5623 tertiae
2329 5576 2389 5647 per
2412 5576 2438 5622 ω

413 5688 641 5784 multiplicati,
681 5695 811 5763 scilicet
841 5689 894 5776 ω’,
929 5687 1006 5791 (ω’,
1038 5689 1122 5777 βω*,
1147 5687 1235 5782 ’γωξ
1267 5703 1333 5764 otc.
1364 5703 1446 5764 sunt
1476 5693 1609 5764 residua
1641 5689 1785 5766 totidem
1810 5713 1966 5776 numero,
2003 5702 2106 5786 atque
2132 5693 2265 5764 abillis
2289 5691 2437 5773 diversn3

413 5853 487 5899 nam
514 5834 542 5900 si
567 5857 641 5921 αωγ
668 5845 702 5900 et
727 5831 798 5919 βω*
827 5837 1066 5919 convenirent,
1094 5829 1188 5928 ,leret
1223 5857 1269 5922 ny
1283 5873 1330 5886 -—
1343 5829 1417 5922 ,ded
1444 5834 1607 5906 divisibile
1634 5858 1693 5930 per
1718 5833 1913 5920 divisorem,
1945 5845 1979 5902 et
2005 5859 2052 5923 oy
2078 5835 2213 5906 caderet
2242 5839 2276 5906 in
2302 5837 2440 5906 classem

411 5975 558 6057 tertiam,
586 5985 704 6044 contra
734 5974 945 6067 hypothesin.
989 5973 1165 6047 Prodiront
1190 5998 1273 6069 ergo
1302 5979 1347 6046 in
1375 5975 1505 6048 residuo
1532 5975 1679 6066 diversa,
1706 5973 1798 6071 quod
1825 5997 1903 6046 cum
1928 5979 1972 6046 sit
1997 5974 2196 6062 absurdum,
2224 5971 2298 6048 fieri
2324 5979 2440 6070 nequit

412 6124 450 6184 ut
475 6135 525 6202 aoy
550 6117 593 6183 sit
616 6112 800 6185 residuum.
