5198 7072
484 687 488 693 ¹
585 649 843 732 Institutionum
874 647 1019 733 Calculi
1040 651 1284 760 defferentt'alh
1310 651 1427 734 Sestio
1457 652 1531 734 111.
1563 653 1651 763 Cup.
1672 655 1721 734 d.
1934 742 1945 752 η
2080 653 2162 737 399

357 861 383 938 1.
436 859 506 938 ΑΒ
530 863 817 962 perpendicularis
840 863 883 938 ad
908 867 1076 938 sinistram
1402 867 1441 942 lu
1466 867 1542 965 Fig.
1561 869 1606 942 tt
1631 873 1793 944 convenit
1837 823 1910 940 Mna

340 1001 387 1076 ll.
438 1003 504 1078 EJ
527 1005 606 1101 plus
628 1008 809 1078 semirecto
832 1002 878 1078 ad
901 1005 1112 1080 horizontem
1137 1007 1295 1082 inclinata
1413 1035 1431 1076 x
1490 1035 1509 1076 a
1558 1047 1607 1066 -
1706 1035 1724 1076 e
1836 1007 1899 1084 An

327 1139 384 1215 111.
436 1143 509 1216 EF
529 1147 707 1218 semirecto
730 1144 775 1218 ad
798 1145 1010 1220 horizontem
1037 1149 1197 1222 inclinata
1411 1173 1428 1214 a
1490 1175 1509 1216 c
1561 1185 1608 1204 -
1705 1175 1723 1216 a
1834 1141 1881 1206 ’-
2035 1105 2058 1150 ⁴

325 1281 384 1356 lv,
437 1283 507 1356 ΕΚ
529 1287 639 1356 minus
662 1287 838 1358 semirecto
863 1286 906 1358 ad
931 1285 1141 1360 horizontem
1166 1291 1327 1364 inclinata
1413 1311 1431 1353 c
1491 1313 1510 1352 r
1557 1327 1609 1344 -
1706 1315 1724 1356 e
1836 1289 1895 1362 bt

323 1399 382 1495 'V.
434 1423 500 1494 BC
528 1424 745 1498 horizontalls
769 1429 922 1523 superior
1411 1451 1428 1492 a
1488 1451 1506 1492 a
1557 1465 1603 1482 -
1701 1455 1719 1496 a
1833 1395 1884 1504 t'c

192 1659 195 1666 Ι
325 1561 385 1636 Vl.
436 1563 494 1638 JG
524 1567 634 1637 minus
658 1569 838 1638 seruirecto
862 1564 907 1639 ad
931 1567 1142 1640 horizontem
1167 1567 1326 1640 inclinata
1411 1591 1429 1630 e
1489 1591 1507 1632 s
1555 1605 1606 1622 -
1704 1595 1721 1636 e

306 1701 383 1776 Vll.
434 1701 499 1778 FG
526 1680 710 1778 omisero
728 1705 771 1778 ad
796 1707 1010 1780 horizontem
1033 1709 1192 1779 inclinata
1411 1731 1428 1772 n
1490 1733 1508 1772 z
1556 1746 1606 1762 -
1703 1734 1721 1774 a

208 1915 210 1922 Α
262 1841 380 1916 :vlit
435 1841 499 1918 KG
529 1847 604 1942 plus
628 1851 806 1944 semirecto
830 1847 872 1918 ad
898 1813 1120 1920 horizontem
1134 1847 1293 1920 inclinata
1409 1869 1427 1910 a
1489 1871 1506 1912 t
1557 1885 1604 1901 -
1703 1875 1721 1915 r

261 1932 276 2000 ⁸¹
320 1979 380 2056 lX.
431 1983 495 2058 CD
526 1985 812 2084 perpendicularis
837 1985 880 2058 ad
904 1987 1053 2060 dextram
1410 2009 1427 2064 t
1489 2011 1506 2052 α
1556 2027 1604 2038 -
1704 2015 1722 2102 o

217 2111 221 2120 ’
341 2125 380 2194 Χ.
434 2123 499 2198 GL
523 2127 599 2222 plns
624 2129 801 2228 semirecto
826 2126 868 2198 ad
895 2125 1103 2199 horizontem
1128 2125 1286 2200 inclinata
1408 2150 1425 2192 a
1487 2103 1504 2192 a
1555 2165 1602 2182 -
1702 2155 1719 2196 e

323 2263 382 2337 xl.
435 2261 502 2338 GH
523 2269 701 2338 semitecto
726 2263 771 2337 ad
796 2265 1003 2338 horizontem
1029 2267 1188 2339 inclinata
1408 2292 1426 2332 a
1487 2294 1504 2334 a
1553 2305 1604 2322 -
1702 2295 1719 2336 a

303 2401 378 2476 Xll.
433 2403 501 2508 GM
524 2410 633 2478 minus
658 2409 837 2478 semirecto
862 2405 905 2476 ad
930 2403 1141 2506 horizontem
1168 2407 1327 2479 inclinata
1408 2433 1425 2473 a
1487 2434 1505 2474 α
1553 2447 1604 2463 -
1701 2435 1719 2475 c

291 2541 381 2617 Xlll.
433 2539 505 2614 DA
529 2543 747 2616 horizontalis
771 2541 909 2616 inferior
1011 2643 1014 2650 ι
1158 2619 1161 2626 ,
1408 2575 1422 2608 o
1483 2573 1499 2654 a
1550 2587 1597 2604 -
1697 2576 1715 2616 e

290 2683 383 2757 XIV.
433 2683 505 2757 LE
528 2687 637 2756 minus
661 2687 842 2768 semitecto,
864 2685 907 2757 ad
932 2684 1145 2768 horizontem
1170 2686 1327 2760 inclinata
1406 2711 1424 2752 a
1485 2714 1502 2755 a
1552 2727 1599 2744 -
1699 2717 1716 2758 e

304 2823 380 2898 XV.
431 2825 504 2898 ΗΕ
525 2828 705 2897 semitecto
731 2821 775 2896 ad
800 2825 1012 2898 horizontem
1038 2828 1196 2898 inclinata
1406 2851 1422 2894 s
1482 2854 1500 2896 a
1550 2867 1600 2884 -
1697 2856 1714 2900 a

288 2963 379 3039 xvt.
431 2966 506 3038 ΜΕ
528 2963 604 3060 plus
629 2967 808 3038 semirectn
832 2964 875 3036 ad
901 2965 1112 3038 horizontem
1136 2967 1295 3076 inclinata
1407 2991 1426 3033 z
1485 2994 1503 3033 a
1552 3005 1602 3024 -
1700 2996 1718 3036 n
1830 2971 1881 3045 Lt

207 3095 308 3224 Nunc¹
330 3143 492 3220 quasnam
516 3121 753 3196 conclusiones
776 3122 929 3216 singulae
954 3121 1018 3194 hee
1043 3096 1227 3218 positiones
1251 3143 1313 3220 pro
1330 3133 1459 3196 natura
1483 3145 1606 3196 curvae
1630 3125 1864 3222 suppeditent,
1894 3151 2109 3226 exponamus.

241 3331 299 3400 zo.
349 3327 481 3400 Primus
505 3327 643 3423 regulae
668 3330 757 3398 situs
779 3323 851 3398 AB
876 3327 1016 3423 praebet
1041 3327 1290 3422 proapplicata
1310 3351 1397 3418 y:
1412 3328 1435 3400 0
1451 3347 1586 3400 ¹omnes
1609 3327 1742 3402 valeres
1769 3323 1887 3404 finitae
1914 3333 2163 3430 magnitudinis

138 3468 312 3542 abscissae
335 3491 379 3556 re,
415 3490 476 3540 sen
497 3489 631 3582 xomues
667 3465 833 3540 abscissas
867 3460 983 3540 linitas
1019 3466 1163 3555 indicat,
1199 3467 1323 3564 quibus
1353 3467 1537 3564 respondet
1567 3467 1729 3565 applicata
1759 3493 1975 3548 menesteus.
2027 3473 2162 3552 indicat

139 3609 280 3706 quidem
305 3612 405 3685 etiam
430 3607 597 3682 abscissas
620 3619 874 3697 evanescentes,
913 3611 940 3680 si
972 3611 1128 3704 aequatio
1158 3605 1264 3684 tuerit
1293 3631 1353 3704 per
1382 3633 1410 3680 rc
1437 3609 1553 3714 ejusve
1578 3619 1780 3704 potestatem
1805 3611 1999 3699 divisibilis;
2035 3615 2097 3688 sed
2124 3618 2160 3690 hi

141 3773 241 3826 maus
266 3773 330 3846 per
356 3761 536 3846 sequentes
559 3751 698 3848 regulae
723 3753 908 3846 positiones
932 3749 1059 3824 clarius
1081 3749 1294 3824 exhibentur.
1344 3747 1505 3848 Tangens
1534 3763 1647 3826 autem
1677 3756 1712 3826 iu
1740 3752 1795 3836 bia
1825 3777 1951 3830 curvae
1982 3759 2066 3832 locis
2090 3782 2161 3834 non

138 3892 324 3996 indicatur.
351 3989 356 3994 Ι
1605 3987 1608 3998 ¹

240 4007 421 4107 Secundus
443 4034 583 4130 regulae
607 4037 693 4108 situs
718 4035 785 4108 Ε1
801 4055 840 4108 aa
865 4055 990 4108 curvae
1015 4043 1142 4130 puncta
1165 4033 1302 4123 indicat,
1328 4057 1392 4132 pro
1416 4033 1539 4132 quibua
1562 4045 1615 4110 est
1639 4047 1710 4108 um
1733 4039 1875 4127 z=0,
1900 4033 2111 4138 quana:
2124 4043 2160 4124 0,

138 4174 240 4250 simul
265 4186 380 4261 antem
399 4175 553 4272 xostendit
577 4186 774 4272 tangentem
797 4177 967 4277 inipsum
991 4197 1086 4250 axem
1111 4175 1271 4266 incidere,
1297 4198 1359 4250 seu
1382 4179 1418 4250 in
1442 4177 1496 4250 his
1520 4181 1657 4274 punctis
1681 4201 1820 4252 curvam
1844 4179 1887 4254 ab
1910 4202 1970 4254 axe
1994 4185 2099 4278 ungi,
2126 4193 2162 4252 et

139 4327 259 4414 natura
284 4337 408 4394 curvae
432 4315 566 4408 aceefflt
589 4318 631 4390 ad
658 4317 850 4414 parabolam
874 4321 984 4406 tell:
999 4320 1070 4410 Cyl
1094 4321 1259 4391 existente
1284 4341 1316 4390 tn
1331 4331 1373 4407 >
1390 4339 1424 4390 n.

239 4461 373 4532 Tertius
395 4459 532 4558 regulae
557 4461 643 4534 situs
666 4457 737 4534 EF
755 4435 880 4532 iterum
904 4482 943 4534 ea
967 4471 1095 4556 puncta
1119 4479 1243 4532 curvae
1267 4457 1417 4548 exhibet,
1456 4481 1519 4556 pro
1556 4458 1681 4555 quihus
1718 4469 1772 4530 est
1799 4469 1927 4566 tamn
1940 4461 2025 4534 =0
2057 4481 2158 4556 quam
2300 4529 2302 4536 ,

136 4603 277 4690 γεθ,
301 4599 363 4674 sed
387 4623 533 4698 quorum
559 4610 742 4696 tangentes
766 4598 915 4674 suntad
938 4621 1032 4672 mem
1057 4599 1226 4696 obliquae,
1252 4619 1435 4694 earumque
1461 4599 1561 4674 simul
1585 4601 1768 4696 obliquitas
1792 4577 1992 4674 indicatur.¹

239 4725 542 4844 Quartusregulae
561 4745 646 4815 situs
665 4743 730 4816 ΕΚ
754 4745 964 4836 etiamnunc
988 4761 1028 4814 ea
1051 4761 1173 4850 curvae
1198 4749 1324 4836 puncta
1350 4738 1495 4828 exhibet,
1520 4763 1583 4837 pro
1606 4742 1729 4838 quibus
1754 4751 1808 4814 est
1830 4753 1899 4815 tam
1924 4742 2033 4812 m=0
2057 4763 2158 4836 quam

137 4905 225 4974 r:
241 4885 282 4967 ⁰3
304 4859 387 4956 hinc
413 4891 494 4956 ‘vero
519 4883 734 4956 concluditur
759 4893 939 4980 tangentes
963 4904 1087 4959 comae
1112 4885 1147 4954 in
1166 4881 1219 4954 his
1237 4885 1374 4978 punctis
1392 4903 1467 4958 esse
1486 4880 1531 4956 ad
1549 4903 1644 4956 axem
1662 4881 1967 4979 perpendiculares,
1986 4892 2021 4954 et
2038 4891 2166 4973 natura,

140 5043 266 5096 curvae
291 5025 489 5120 exprimitur
513 5023 671 5121 parabola
692 5023 886 5116 βείω·
910 5026 1076 5098 odsoente
1100 5047 1133 5096 m
1147 5033 1188 5108 >
1206 5046 1240 5096 rt.

241 5207 300 5282 ts.
351 5209 497 5296 Quintus
521 5211 659 5306 regulae
683 5213 768 5284 situs
792 5210 860 5283 Bc
882 5231 946 5308 pro
970 5208 1117 5282 abatissa
1141 5229 1169 5280 ω
1182 5209 1266 5282 =u
1296 5209 1436 5306 praebet
1464 5231 1581 5284 omnes
1609 5203 1727 5282 linitos
1757 5209 1888 5282 valeres
1911 5208 2098 5306 applicatae
2118 5229 2157 5340 p,

69 5405 71 5410 -
141 5371 251 5446 neque
277 5373 359 5425 vero
382 5361 561 5446 ungentes
586 5374 712 5426 curvae
738 5355 773 5424 in
798 5351 851 5434 bis
877 5355 1013 5447 punctis
1037 5349 1177 5424 indicat
1273 5349 1276 5358 “

240 5510 364 5589 Sextus
387 5515 526 5610 regulae
545 5517 637 5593 attus
662 5513 722 5593 111
746 5515 874 5590 indicat
897 5489 1008 5612 posita
1031 5514 1178 5586 abscissa
1203 5515 1339 5602 (ιτ-πθ,
1365 5503 1439 5588 fieri
1459 5513 1703 5609 applicatzmy
1725 5506 1906 5600 inlinitum,
1932 5513 1978 5584 ita
2003 5522 2043 5583 ut
2067 5523 2159 5582 recta

139 5656 182 5734 ad
207 5677 303 5734 axem
328 5661 362 5730 in
385 5659 550 5754 principio
577 5657 798 5735 absehmrum
824 5657 984 5740 normalis
1007 5659 1052 5730 sit
1076 5679 1202 5732 curvae
1225 5665 1411 5750 aspmtota,
1441 5655 1586 5752 ideoque
1614 5677 1729 5738 ramus
1756 5655 1814 5730 hic
1838 5633 1965 5730 curvae
1989 5651 2159 5748 hyperbo-

141 5797 238 5886 litua,
264 5799 365 5897 cujas
388 5809 508 5874 natvrra
533 5797 678 5875 accedat
697 5797 742 5873 ad
766 5799 962 5920 hujusmodi
987 5799 1204 5898 hyperbolem
1223 5800 1394 5892 ems:
1410 5801 1451 5889 C,
1474 5792 1536 5877 ¹ubi
1561 5801 1608 5876 sit
1632 5822 1656 5871 n
1669 5809 1711 5883 >
1728 5819 1771 5869 aa.

239 5959 409 6058 Septimus
433 5961 571 6060 regulae
595 5965 682 6035 situs
706 5961 773 6039 FG
795 5963 920 6060 pariter
944 5962 1072 6038 indicat
1095 5965 1204 6062 posito
1227 5967 1350 6036 m=0
1376 5957 1451 6036 [levi
1477 5985 1629 6054 γ-τοο,
1661 5963 1777 6055 sicque
1803 5960 1908 6054 ipsam
1936 5955 2023 6028 hanc
2048 5954 2158 6050 appli-

35 6117 38 6122 ·
138 6111 253 6174 eatam
272 6095 347 6175 lore
372 6123 495 6177 curvae
518 6111 734 6198 asymtotam,
759 6103 898 6202 ejusque
922 6125 1055 6179 ramum
1079 6103 1336 6202 hyperbolicum
1359 6102 1404 6178 ad
1429 6113 1583 6179 naturam
1608 6099 1812 6198 hyperbolae
1835 6099 1975 6172 caninae
1999 6119 2055 6188 cy·
2068 6093 2160 6164 =C

137 6241 368 6317 accedentem.
1290 6273 1292 6280 ¹
