5198 7072
416 571 497 656 aas
1021 566 1066 650 u
1093 565 1313 650 norror
1343 563 1511 648 eruar
1542 559 1833 650 ιοειιιυιιι.
2284 587 2421 674 aaa

415 797 495 868 eu'm
519 793 607 866 binis
632 793 791 864 emtis
820 787 874 862 rel
904 784 1069 882 proderat
1093 785 1315 880 bonogenei,
1346 783 1399 854 rel
1425 803 1503 878 prae
1533 784 1575 854 i'n
1598 790 1815 854 evanescent.
1866 779 2005 878 llooqne
2031 777 2135 856 modo
2158 779 2298 856 tandem
2323 803 2436 880 perre-

417 939 529 1008 nietnr
565 933 610 1006 erl
646 935 878 1028 aequationem
917 926 1048 1002 duobos
1078 925 1274 1022 paribusve
1302 925 1458 996 terminis
1485 931 1697 996 mesanum
1705 949 1733 1006 ‚·
1752 944 1818 1018 qna
1847 931 1970 996 natura
2000 945 2127 998 cnrrae
2152 925 2188 996 in
2213 923 2294 998 loen
2317 931 2436 1000 a=b

416 1078 632 1170 exprimetur,
655 1095 695 1144 er
720 1093 787 1167 qua
812 1069 973 1168 deinceps
997 1093 1065 1142 non
1090 1062 1232 1142 difficile
1258 1069 1324 1140 erit
1348 1065 1522 1162 tangentia
1545 1066 1749 1160 pudtiunern
1775 1055 1936 1136 delhna·

446 1245 450 1258 ·
522 1240 576 1310 17.
626 1233 753 1322 Quodsi
778 1255 863 1328 ergo
889 1233 955 1306 iroc
981 1231 1082 1306 modo
1107 1231 1221 1327 piures
1249 1229 1384 1302 termini
1415 1227 1664 1323 relinquuntur,
1696 1226 1719 1296 il
1750 1227 2022 1322 progressionem
2047 1226 2292 1320 geometricam
2316 1227 2438 1298 consti-

418 1387 528 1464 tuent,
552 1388 653 1472 atque
678 1399 716 1447 er
741 1374 806 1446 hac
832 1370 1099 1446 consideratione
1124 1365 1225 1444 facile
1250 1379 1303 1442 est
1329 1371 1413 1440 istos
1438 1369 1600 1440 terminos
1625 1366 1820 1440 menbanice
1843 1363 2085 1454 determinare,
2111 1387 2153 1440 eo
2178 1351 2310 1440 scilicet
2328 1365 2440 1452 modo,

370 1554 392 1598 e
418 1544 520 1618 quern
537 1519 747 1592 Neutonus
766 1539 824 1612 per
841 1507 1189 1612 parallelogrammum
1208 1523 1246 1586 et
1263 1511 1416 1610 regulam
1429 1507 1571 1584 tradidrt
1589 1507 1762 1606 (ruta).
1782 1505 1921 1582 Sienim
1933 1508 2069 1580 termini
2086 1509 2296 1604 aequationis
2315 1509 2440 1580 omissis

419 1656 691 1742 ooiffieieotibus
709 1657 821 1730 ‚morlo
844 1669 925 1730 ante
952 1659 1107 1752 exposito
1136 1657 1172 1728 in
1197 1653 1339 1728 cellulae
1362 1651 1666 1749 parallelogrammi
1696 1650 1883 1746 aequaliter
1912 1649 2037 1724 diuisas
2061 1649 2307 1738 inscribuntur,
2340 1659 2439 1744 atque

420 1805 456 1876 in
481 1823 681 1898 unoquoquo
703 1797 826 1873 cellula
852 1809 1017 1894 punctum
1041 1796 1192 1872 medium
1217 1805 1369 1882 notetur,
1391 1789 1492 1868 lauiie
1518 1795 1731 1888 perspicitur,
1755 1795 1926 1880 terminon,
1948 1793 2009 1888 qui
2033 1792 2068 1862 in
2088 1792 2220 1862 ratione
2236 1791 2440 1884 gnomonica

420 1941 685 2038 progrediuntur
713 1943 748 2014 in
778 1937 943 2014 directum
972 1935 1048 2012 loru
1080 1937 1274 2033 dispositus.
1332 1933 1398 2020 Sic,
1419 1935 1506 2022 liner
1536 1955 1589 2006 oo
1619 1956 1679 2030 per
1708 1943 1834 2028 puncta
1858 1930 1974 2009 'raedis
2008 1929 2208 2007 cellularum
2240 1933 2375 2016 uenat,
2406 1933 2441 2004 iu

421 2083 543 2180 quibus
572 2084 788 2178 reperiuntur
811 2080 943 2153 termini
976 2081 1037 2152 isti
1063 2081 1330 2173 progressionem
1359 2076 1606 2170 geometricam
1634 2084 1802 2149 terrentes:
1833 2071 1891 2162 ω’,
1915 2071 2000 2164 e'y,
2024 2067 2128 2161 rr’r',
2153 2067 2260 2160 n'r',
2283 2067 2362 2159 κγ’,
2384 2068 2440 2160 γ’.

379 2243 382 2250 ·
420 2222 524 2296 Linea
550 2234 663 2293 autem
691 2221 738 2292 bb
763 2223 886 2292 transit
910 2243 974 2314 per·
988 2229 1118 2314 punctu
1137 2220 1247 2292 merlin
1266 2214 1467 2293 cellularum
1491 2211 1549 2304 ω’,
1572 2211 1677 2305 n²5²,
1699 2211 1786 2306 (ιγ’,
1806 2209 1865 2304 γ’,
1879 2225 1927 2286 .et
1942 2214 2030 2288 liner
2049 2233 2092 2286 ec
2108 2233 2168 2306 per
2187 2222 2316 2306 puncta
2335 2208 2441 2286 media

421 2363 622 2436 cellularum
646 2385 683 2452 ro,
708 2359 814 2450 a’x’,
839 2357 943 2450 rc⁸y⁴,
969 2353 1074 2448 ar⁴y⁸,
1100 2367 1202 2454 atque
1229 2357 1316 2431 linea
1340 2355 1396 2426 dri
1420 2327 1526 2426 ducta
1551 2363 1604 2426 est
1627 2374 1689 2447 per
1713 2361 1838 2450 puncta
1863 2348 1976 2424 media
2001 2352 2217 2444 cellularum,
2243 2377 2331 2450 quae
2355 2351 2439 2426 hanc

420 2503 581 2600 praebent
607 2463 874 2598 progressionem
900 2501 1159 2596 geometricam:
1186 2521 1223 2590 γ,
1250 2496 1334 2588 aop’,
1358 2493 1462 2588 095⁸,
1488 2491 1592 2586 u⁸y⁴,
1618 2489 1723 2584 τώγ’,
1749 2487 1851 2584 ro‘p‘.

524 2665 580 2734 18.
630 2661 668 2733 Si
694 2663 803 2754 igitur
825 2669 950 2754 puncta
982 2657 1094 2734 media
1123 2657 1322 2734 cellularum
1359 2681 1420 2754 pro
1450 2659 1537 2748 reris
1561 2655 1651 2732 locis
1673 2657 1885 2754 singulorum
1917 2660 2141 2738 terminorum
2171 2658 2379 2752 babearunr,
2406 2670 2441 2734 ct

421 2799 508 2876 linea
536 2809 631 2874 recta
657 2811 831 2894 utcunque
857 2821 918 2893 per
943 2797 1008 2872 boe
1035 2796 1384 2894 parallelogrammum
1410 2795 1628 2888 tmduoatnr,
1660 2799 1793 2872 termini
1820 2799 1855 2870 in
1880 2799 1942 2877 ieta
1968 2797 2057 2876 linea
2081 2801 2259 2875 seruituti
2286 2821 2442 2896 progres-

423 2947 554 3020 sionem
576 2945 821 3038 geometricam
845 2937 1056 3024 formabuut3
1093 2941 1238 3036 ideoque
1263 2943 1292 3012 si
1317 2963 1432 3016 eorum
1457 2939 1527 3014 duo
1552 2935 1680 3018 luerint
1704 2939 1926 3034 homogenei,
1958 2963 2075 3017 omnen
2104 2953 2207 3016 erunt
2228 2941 2441 3034 homogenei.

423 3076 551 3150 Deinde
577 3101 615 3150 er
640 3093 720 3154 ante
745 3085 905 3178 expositis
930 3079 1030 3154 facile
1055 3079 1180 3176 liquet,
1212 3103 1330 3154 omnes
1353 3084 1537 3172 terminos,
1564 3083 1622 3178 qui
1651 3102 1754 3176 supra
1784 3077 1980 3178 hujumodi
2005 3083 2128 3159 lincam
2152 3092 2281 3156 rectam
2307 3079 2441 3168 uadunt,

422 3230 581 3314 respectu
606 3195 738 3312 eorum,
764 3226 822 3320 qui
847 3226 881 3295 in
906 3227 978 3319 ipsa
1004 3223 1070 3298 bae
1095 3223 1183 3296 linea
1212 3225 1280 3298 rint
1304 3225 1420 3318 positi,
1454 3217 1530 3296 lore
1560 3215 1692 3296 infinite
1716 3243 1874 3318 magnos,
1910 3224 2071 3296 terminos
2101 3233 2232 3310 auum,
2270 3223 2331 3319 qui
2361 3217 2443 3294 inin
2469 3271 2476 3282 -

422 3359 510 3450 hane
548 3361 669 3435 lineam
707 3363 834 3437 cadunt
871 3363 1066 3438 eorumdem
1104 3375 1262 3460 respectu
1297 3361 1433 3438 iuturus
1463 3387 1536 3436 esse
1570 3358 1702 3436 infinite
1732 3384 1871 3460 parvos,
1901 3347 2045 3462 ideoque
2070 3387 2150 3462 prae
2175 3366 2216 3437 iis
2240 3385 2442 3438 euanescere

422 3507 532 3598 posito
555 3471 687 3578 scilicet
710 3509 843 3580 ae=0.
895 3505 931 3579 Si
957 3509 1047 3578 enim
1076 3509 1179 3579 series
1209 3506 1387 3580 verticales
1420 3506 1684 3602 interpolentur,
1723 3506 1858 3578 termini
1893 3507 2087 3602 interpolati
2125 3528 2260 3590 omnes,
2297 3504 2465 3602 qnorum'

421 3629 495 3715 loca
521 3645 555 3752 in
580 3620 703 3720 lineam
728 3653 856 3719 rectam
881 3643 1053 3736 incidunt,
1087 3625 1355 3742 progressionem
1382 3649 1621 3746 geometricam
1647 3649 1873 3736 constituent,
1900 3632 2056 3755 quornm
2071 3631 2228 3744 respectu
2251 3649 2444 3744 superiores

421 3774 538 3900 omnes
556 3760 636 3861 sunt
656 3759 791 3879 infiniti,
818 3767 994 3862 inleriores
1007 3764 1144 3862 ‘infinite
1163 3793 1269 3887 parri.
1301 3775 1360 3865 Sic
1378 3802 1471 3864 recta
1491 3790 1535 3862 bb
1555 3788 1814 3885 interpolatione
1837 3751 1990 3863 instituite
2014 3790 2171 3862 transibit
2194 3809 2257 3890 per
2281 3790 2444 3902 terminos

629 4057 644 4074 Ι,
732 4029 736 4088 3
768 4029 772 4040 .
1021 4003 1084 4089 3⁸,
1120 3945 1206 4096 ἐγ,
1243 4003 1347 4098 m'y’,
1377 3943 1484 4096 rel-5³,
1529 4003 1617 4098 225⁴,
1641 3941 1754 4098 ἐμέ
1780 4001 1853 4096 9⁴⁸..
1891 4047 1895 4055 ,

523 4169 579 4240 19.
629 4163 664 4238 Si
694 4171 801 4264 igitur
828 4167 995 4267 ejusmodi
1027 4171 1159 4245 termini
1191 4167 1445 4258 desiderentur,
1469 4191 1614 4264 quornm
1639 4179 1798 4265 respectu
1821 4169 1950 4264 reliqui.
1966 4189 2082 4241 omnes
2106 4189 2168 4264 pro
2192 4167 2302 4243 nihilo
2327 4168 2442 4242 baberi

283 4291 284 4294 ¹
420 4317 563 4402 queant,
601 4309 689 4382 linea
714 4319 807 4381 reeta
834 4317 901 4406 per'
919 4309 1007 4385 duos
1032 4309 1198 4409 ejusmodi
1222 4303 1388 4384 terminos
1413 4307 1494 4384 duci·
1523 4307 1680 4406 debebit,
1720 4321 1760 4386 ut
1788 4331 1888 4406 supra
1912 4303 1992 4382 'eam
2022 4310 2107 4384 nulli
2139 4331 2279 4408 prorsus
2304 4315 2441 4384 termini

419 4449 574 4522 existant
627 4449 726 4524 Unde
752 4453 781 4525 ei
806 4455 1014 4548 aequationis
1039 4444 1233 4549 p'roposiue
1258 4451 1384 4548 singuli
1409 4453 1545 4526 termini
1574 4433 1619 4524 irrv
1633 4451 1774 4528 unuln
1803 4453 1885 4549 ipsis
1915 4447 2157 4526 conuenientes
2191 4451 2297 4550 hujus
2331 4453 2441 4550 parel-

421 4585 634 4682 lelogramnrl
661 4593 906 4682 inscribantur,
931 4604 970 4678 et
993 4590 1154 4682 celiniae,
1180 4615 1323 4690 querum
1347 4593 1484 4668 termini
1509 4595 1546 4666 in
1570 4597 1770 4691 aequatione
1785 4587 1936 4684 ¹riesrnut,
1963 4607 2088 4666 rsonae
2111 4594 2358 4691 relinquantur,
2382 4615 2444 4691 per

420 4728 584 4824 ejmodi
614 4729 705 4804 rinos
730 4753 909 4828 supremos
935 4739 1101 4808 terminos
1128 4737 1164 4808 in
1189 4733 1322 4810 duobus
1343 4735 1519 4808 ¹columnis
1541 4733 1757 4809 seueram
1782 4733 1869 4808 linea
1894 4729 1987 4808 r'eota
2012 4732 2109 4818 duci,
2139 4733 2194 4806 rel
2214 4736 2300 4829 ipsis
2323 4731 2443 4830 regula

380 4867 384 4874 ’
420 4874 581 4968 applicari
605 4872 718 4964 debet,
743 4885 784 4948 ut
808 4873 910 4970 er'rper
933 4897 974 4948 ea
997 4876 1084 4949 nulli
1111 4897 1250 4972 prorsus
1276 4871 1422 4951 termini
1439 4887 1634 4973 appareant.
1684 4875 1757 4948 iloc
1786 4878 1877 4950 enim
1904 4871 1999 4950 laeto
2028 4873 2096 4948 bini
2128 4875 2176 4946 illi
2202 4877 2353 4964 termini,
2389 4875 2442 4949 rel

420 5014 551 5110 piures,
576 5017 616 5086 'ei
630 5019 704 5112 rqni
731 5018 778 5088 in
798 5017 896 5088 ῑιιιιιι
921 5015 1061 5120 murium
1091 5017 1213 5089 tiaer-
1243 5027 1372 5090 metam
1401 5017 1542 5106 cadant,
1575 5037 1643 5092 non
1674 5009 1785 5091 solum
1808 5011 2080 5114 progressionem
2105 5017 2348 5112 geometricam
2373 5008 2443 5091 lor·

420 5153 572 5243 nabunt,
597 5154 656 5226 sed
682 5157 728 5227 ita
755 5167 855 5228 erunt
879 5161 1077 5255 comparati,
1103 5169 1143 5230 nt
1166 5181 1247 5254 prae
1272 5161 1314 5231 iis
1338 5160 1458 5258 reliqui
1485 5182 1604 5234 omnes
1631 5161 1842 5257 aquationis
1870 5159 2007 5232 termini
2037 5158 2165 5254 negligi
2196 5169 2333 5254 queunt
2384 5160 2444 5233 iiia
2484 5240 2487 5244 ,

420 5319 504 5394 ergo
529 5298 681 5370 terminis
704 5300 739 5371 in
764 5301 963 5394 aequatione
990 5303 1166 5396 expunctis
1193 5303 1232 5389 ii,
1257 5303 1318 5398 qui
1342 5301 1591 5389 mutuatur,
1617 5311 1774 5376 naturum
1797 5321 1921 5376 nurrne
1947 5305 1982 5374 in
2010 5300 2087 5374 loco
2109 5304 2229 5378 ιιι-0·
2242 5305 2441 5398 expriment

519 5459 581 5530 20.
629 5455 665 5530 Si
687 5457 778 5534 'lineo
802 5470 900 5532 recta
920 5459 988 5534 lroe
1013 5461 1114 5536 modo
1139 5449 1243 5538 dueta
1268 5461 1356 5536 duos
1374 5475 1507 5538 tantum
1530 5467 1694 5540 terminos
1716 5463 1884 5552 exhibeat,
1910 5464 2091 5538 habebitur
2112 5467 2271 5562 aequatio
2294 5455 2443 5541 binomia

419 5621 482 5696 pro
507 5618 613 5674 curra
635 5595 672 5672 in
695 5600 771 5674 loco
794 5603 936 5690 cau,
970 5603 1109 5701 ejusque
1138 5625 1222 5702 ergo
1250 5616 1397 5701 tangens
1419 5629 1481 5702 per
1502 5618 1680 5704 praecepta
1703 5617 1782 5683 ante
1809 5605 1931 5680 naun
1956 5607 2158 5696 inuenietur,
2184 5608 2247 5678 nisi
2271 5605 2361 5682 linea
2385 5609 2443 5682 dia
2596 5699 2597 5704 Ν

419 5745 513 5815 recu
534 5738 641 5815 inerit
657 5741 887 5834 horinonteiis,
912 5767 981 5840 qno
999 5768 1080 5820 coen
1100 5747 1311 5843 applicetur
1334 5747 1386 5821 rel
1406 5740 1543 5822 linitum
1565 5749 1870 5845 relinuglnarium
1890 5747 2057 5822 obtinebit
2076 5747 2258 5832 valorem—3·
2271 5751 2445 5846 priorique

415 5903 503 5957 *emo
525 5895 673 5981 tangens
697 5909 738 5961 ex
763 5885 816 5959 iria
841 5885 976 5962 dnobus
999 5890 1152 5962 terminia
1175 5882 1312 5962 deliniri
1337 5893 1467 5987 nquit.
1511 5889 1591 5966 Hoc'
1607 5910 1694 5986 ergo
1718 5913 1800 5966 caen
1824 5882 1943 5989 regula
1967 5901 2063 5964 motu
2086 5889 2150 5964 eibi
2175 5889 2337 5985 puellelo
2362 5913 2445 5988 pro-

421 6035 607 6115 moveatur,
633 6026 745 6100 rlonec
768 6049 875 6102 nnnm
901 6029 1058 6125 plumare
1082 6049 1192 6106 noros
1215 6023 1380 6106 terminon
1403 6035 1561 6130 arrogat
1585 6032 1689 6132 bique
1714 6031 1759 6108 ud
1784 6033 1865 6109 trior
1886 6031 2103 6132 adjiciantur,
2127 6043 2163 6106 et
2181 6035 2444 6128 exaequatione

419 6165 606 6242 resultante
630 6179 776 6266 tangens
800 6163 996 6248 deliniatur.
1052 6171 1137 6248 Corn
1168 6177 1264 6249 *enim
1299 6173 1439 6274 reliqui.
1460 6177 1596 6252 termini
1634 6193 1716 6276 prae
1751 6173 1806 6252 bis
1842 6174 1887 6251 de
1921 6198 2011 6252 noro
2047 6172 2190 6274 adjectio
2227 6187 2444 6265 evanescent,
