5192 7068
1257 575 1486 640 ..1v..

364 849 491 910 coetus
521 828 735 907 Academici
763 825 950 930 quondam
980 823 1099 903 luerat
1127 823 1263 900 sodalis
1290 825 1434 926 optime
1462 821 1510 900 de
1540 821 1670 900 litteris
1699 821 1863 900 meritus.
1897 821 1949 900 dt
1971 822 2000 898 si
2025 833 2159 925 coepta
2189 823 2301 902 editio
2328 825 2377 900 ad

358 1007 471 1085 linem
500 1005 655 1108 perduci
683 1029 756 1083 non
787 1003 920 1106 potuit,
950 1001 1018 1078 illis
1047 1014 1171 1079 tamen
1200 1025 1296 1103 quae
1325 998 1509 1078 Eulerus
1537 999 1743 1102 reliquerat
1769 1001 1917 1102 scriptis
1945 1001 2045 1078 viros
2073 999 2205 1078 doctos
2228 1001 2378 1080 destitui

360 1184 509 1260 minime
538 1181 593 1259 las
621 1129 725 1276 erat3
763 1203 881 1283 quare
911 1177 1112 1256 Academia
1142 1201 1258 1280 opera
1288 1189 1459 1280 postuma
1499 1173 1647 1253 Euleri
1676 1199 1845 1253 seorsum
1885 1175 2029 1254 edenda
2067 1177 2206 1254 statuit.
2263 1176 2379 1255 Facta

359 1373 418 1438 est
449 1361 595 1462 negotio
624 1358 764 1461 longior
795 1381 898 1433 mora
928 1354 1051 1432 varias
1079 1379 1147 1458 per
1175 1377 1329 1446 causas,
1369 1351 1436 1430 sed
1469 1353 1548 1454 jam
1583 1352 1701 1430 lector
1736 1361 1824 1430 ante
1857 1351 1986 1430 oculos
2015 1350 2130 1431 babet
2159 1351 2228 1431 bos
2256 1365 2381 1432 tomos

361 1537 453 1612 duos
480 1559 637 1638 operum
670 1544 923 1635 postumorum
959 1529 1118 1608 Euleri.
1165 1529 1272 1623 Quae
1302 1527 1357 1606 his
1385 1528 1636 1618 continentur,
1671 1541 1779 1605 erant
1808 1527 1997 1632 hucusque
2026 1527 2179 1624 inedita,
2209 1531 2378 1633 exceptis

361 1711 544 1788 nonnullis
571 1735 667 1814 quae
695 1735 740 1786 ex
771 1708 891 1786 altero
921 1721 1025 1784 tomo
1053 1707 1408 1784 commentationum
1438 1703 1757 1783 arithmeticorum
1787 1704 1992 1808 repetenda
2022 1717 2130 1784 erant
2157 1717 2197 1784 et
2220 1729 2377 1808 quorum

359 1849 603 1992 conspectum
632 1887 865 1989 subjicimus:

1767 2097 1833 2161 opp.
1849 2101 1915 2160 porr.
1930 2102 1948 2148 r.
1963 2097 1983 2148 r.
2073 2097 2174 2148 comm.
2189 2099 2294 2148 arrum.
2308 2101 2328 2148 r.
2343 2099 2378 2148 rr.

366 2244 398 2322 l.
428 2242 626 2322 'lractatus
654 2243 701 2321 de
730 2267 967 2320 numerorum
998 2238 1164 2319 doctriua
1189 2295 1691 2314 .................
1778 2262 1816 2340 p.
1836 2235 1997 2314 5-75.
2079 2261 2115 2340 p.
2137 2235 2207 2316 501
2229 2235 2377 2314 -575.

361 2421 399 2497 2.
430 2415 665 2497 Decouverte
685 2417 795 2495 d'une
820 2418 869 2494 loi
888 2429 967 2494 tout
985 2415 1279 2495 extraordinaire
1306 2414 1373 2491 des
1402 2413 1597 2512 nombres,
1622 2438 1690 2516 par

467 2607 627 2700 rapport
654 2591 673 2670 ὲ
704 2595 736 2672 la
766 2617 910 2670 somme
941 2593 987 2670 de
1016 2593 1114 2670 leurs
1142 2591 1321 2669 diviseurs
1343 2649 1689 2668 ............
1749 2615 1786 2693 p.
1807 2589 1915 2670 76-
1932 2589 1994 2668 dd.
2078 2617 2114 2694 p.
2136 2589 2376 2671 oto-ott.

364 2771 400 2850 3.
431 2771 489 2850 lle
520 2773 681 2848 numeris
709 2770 966 2849 amicabilibus
996 2824 1685 2847 .......................
1747 2793 1780 2870 p.
1804 2763 2018 2846 85-100.
2074 2793 2112 2871 p.
2133 2767 2376 2848 627-636.

360 2947 397 3024 d.
426 2947 650 3053 Fragmenta
674 2947 997 3026 commentationis
1016 2945 1207 3050 cujusdam
1232 2944 1383 3047 majoris
1402 2943 1450 3021 de
1469 2943 1686 3022 invenienda

465 3125 647 3203 relatione
676 3125 772 3202 inter
802 3124 917 3201 latera
947 3122 1233 3226 triangulorum,
1271 3145 1428 3223 quorum
1458 3143 1546 3198 area
1577 3121 1689 3198 ratio·

466 3301 598 3379 naliter
626 3299 782 3404 exprimi
811 3299 930 3404 possit
938 3351 1686 3374 .........................
1720 3319 1758 3399 p.
1781 3294 1849 3374 llll
1870 3294 2020 3375 -lllb
2076 3321 2112 3400 p.
2134 3297 2375 3380 tto-650.

359 3477 397 3555 5.
418 3477 455 3557 6.
490 3476 734 3558 Recbercbes
763 3501 825 3554 sur
854 3475 949 3554 deux
979 3473 1195 3578 probldmes
1228 3473 1274 3551 de
1305 3471 1484 3576 l'aualyse
1517 3472 1565 3550 de
1594 3471 1687 3550 Dio-

466 3653 648 3758 pbarrte*)
655 3703 1686 3731 ..................................
1722 3646 2020 3750 p.105-·197.
2076 3650 2373 3755 p.603-616.

359 3831 395 3910 7.
426 3833 750 3911 Consideratioues
778 3833 877 3909 circa
906 3829 1072 3932 analysin
1102 3825 1377 3930 Diophanteam
1400 3883 1685 3902 ..........
1720 3851 1756 3928 p.
1781 3823 2018 3904 tao-139.
2075 3853 2112 3931 p.
2132 3827 2209 3907 576
2227 3829 2372 3911 -58n

360 4005 396 4084 8.
430 4006 487 4084 De
514 4007 705 4110 quadratis
733 4007 884 4110 magicis
910 4059 1685 4083 ..........................
1720 4027 1756 4104 p.
1782 4000 2016 4080 llll—15l.
2073 4005 2372 4107 ndat-toa.

360 4182 396 4260 9.
426 4181 638 4262 Tbeorema
666 4181 939 4261 arithmetloum
965 4183 1120 4286 ejusque
1148 4182 1416 4258 demonstratio
1428 4237 1686 4256 .........
1722 4203 1758 4282 p.
1782 4177 2017 4258 toa-156.
2073 4205 2111 4284 p.
2133 4179 2373 4266 588-592.

470 4537 625 4617 Praeter
653 4537 790 4640 scripta
820 4547 990 4638 postuma
1019 4536 1069 4613 ab
1103 4533 1262 4612 Eulero
1299 4535 1381 4636 ipso
1415 4533 1610 4611 elaborata
1642 4543 1682 4609 et
1715 4533 1911 4609 maximam
1947 4543 2094 4634 partem
2123 4535 2236 4637 ipsius
2264 4563 2373 4616 manu

360 4727 514 4793 exarata
547 4725 694 4791 exstant
726 4713 910 4791 volumina
942 4713 1029 4807 tria,
1057 4710 1191 4822 quibus
1223 4711 1347 4788 titulus
1375 4722 1452 4788 est:
1492 4708 1720 4788 Adversaris
1747 4707 2007 4786 mutltomotr'co.
2056 4707 2123 4786 llis
2151 4711 2372 4792 adversariis

361 4891 567 4968 administri
600 4902 639 4966 et
671 4887 837 4992 discipuli
872 4886 1018 4966 Euleri
1050 4885 1186 4964 inferre
1218 4885 1400 4980 solebant
1424 4883 1552 4962 theses
1584 4883 1763 4987 quasdam
1792 4896 1830 4962 et
1862 4885 2065 4962 sententias
2093 4886 2246 4984 breves,
2279 4915 2371 4992 quas

360 5066 510 5170 quidem
539 5089 560 5142 a
591 5065 767 5168 magistro
796 5075 973 5166 acceptas
1001 5063 1071 5165 ipsi
1098 5061 1210 5140 fusius
1238 5074 1277 5140 et
1304 5061 1511 5139 accuratius
1534 5059 1824 5164 explicaverunt.
1854 5059 1908 5137 Ex
1934 5059 1990 5138 bis
2015 5059 2181 5140 thesibus
2204 5065 2370 5147 selectae

327 5204 443 5319 'sunt
470 5242 671 5345 graviores,
700 5263 797 5343 quae
824 5239 1002 5341 operibus
1031 5237 1211 5340 postumia
1238 5261 1308 5312 suo
1333 5235 1418 5314 loco
1446 5237 1710 5322 insererentur,
1740 5247 1780 5312 et
1808 5236 1964 5338 primum
1994 5236 2143 5339 quidem
2173 5244 2370 5346 nonaginta

358 5420 493 5522 dignae
517 5418 618 5494 visae
643 5426 726 5492 sunt
749 5439 845 5517 quae
868 5415 964 5516 typis
987 5412 1302 5489 describerentur.
1333 5409 1477 5489 Deinde
1500 5389 1724 5489 clarissimus
1743 5409 2106 5515 Tschebyscbell,
2136 5416 2370 5516 perlustratis

359 5599 494 5673 iterum
523 5591 630 5670 dictis
657 5589 921 5684 voluminibus,
953 5588 1092 5666 invenit
1119 5587 1210 5665 alias
1241 5611 1305 5664 sex
1334 5585 1459 5664 theses
1487 5611 1579 5690 quas
1612 5587 1803 5666 addendas
1835 5611 1920 5664 esse
1952 5591 2116 5684 censult3
2149 5587 2216 5667 bas
2244 5601 2367 5671 tomus

444 6023 465 6099 ⁶)
490 6021 573 6082 llaec
592 6020 655 6080 duo
675 6013 868 6098 problemata
888 6037 1003 6077 novum
1024 6013 1195 6099 poscebant
1214 6031 1356 6076 examen.
1380 6014 1464 6093 qirod
1482 6013 1620 6093 suscepit
1638 6011 1828 6074 clarissimus
1848 6011 2161 6093 Tschebyscbell,
2183 6013 2228 6074 uti
2248 6015 2364 6077 dictum

491 6152 538 6205 ast
558 6144 588 6204 in
608 6139 799 6223 praelatione
818 6140 856 6202 ad
874 6137 1157 6201 Conrmantationes
1176 6137 1394 6200 arithmeticas.
