5166 7072
408 573 487 655 111
1011 563 1057 644 L.
1100 561 1315 644 EULElll
1343 561 1511 646 OPERA
1539 557 1835 646 POSTHUMA.
2217 587 2417 656 musceta

405 788 585 864 fasciarum
610 784 887 864 horizontalium,
912 803 1014 877 quam
1038 779 1247 852 verticalium
1273 777 1358 850 nibil
1383 781 1518 852 mauri.
1549 776 1588 852 ln
1614 777 1850 872 diagonalibus
1874 791 1985 852 autem
2011 779 2093 854 binc
2111 781 2232 875 ingess
2251 778 2431 854 discrimen
2523 811 2526 816 Α

405 935 498 1005 nasci
524 933 665 1028 poterit:
691 931 738 1000 ita
762 929 790 998 si
818 927 922 1020 prima
946 921 1101 996 columna
1128 919 1297 994 verticalis
1321 917 1491 992 auferatur
1515 932 1551 993 et
1566 919 1799 994 ad'sinistram
1818 933 2018 1018 apponatur,
2045 925 2176 996 orietur
2194 921 2279 998 haec
2297 915 2430 1018 figure

1309 1115 1528 1305 aomar

1315 1383 1360 1450 cy
1395 1361 1448 1446 αβ
1487 1362 1531 1433 bu

1293 1510 1445 1701 'by
1484 1561 1533 1646 οβ

406 1799 463 1872 ubi
490 1795 534 1872 ob
559 1792 681 1869 fascias
706 1791 901 1889 diagonales
926 1792 1012 1862 sumi
1038 1788 1174 1860 debebit
1198 1787 1435 1862 2a=t÷e
1459 1797 1495 1858 et
1518 1788 1785 1878 Ξβεα-ι-γ,
1824 1785 1861 1862 id
1885 1787 1979 1886 quod
2003 1789 2039 1862 in
2063 1789 2221 1864 omnibus
2244 1791 2432 1887 mnsposi·

406 1939 557 2012 tionibus
581 1948 632 2010 est
658 1934 859 2024 noundum,
885 1955 974 2028 quae
1001 1929 1193 2003 observatio
1219 1930 1253 2000 in
1279 1927 1497 2024 sequentibus
1522 1927 1698 2024 speciebus
1724 1931 1854 2000 maximi
1879 1931 1944 2002 erit
1968 1933 2141 2002 momenti.

907 2231 957 2301 11.
1007 2226 1139 2323 Species
1164 2227 1408 2321 quadratorum
1433 2227 1470 2295 irs
1498 2227 1542 2297 16
1574 2225 1720 2296 wilelon
1744 2223 1939 2298 divisorum.

504 2413 526 2518 §
555 2419 609 2488 ts.
662 2415 745 2489 Cum
774 2437 859 2510 ergo
884 2412 941 2486 bic
968 2415 1178 2500 sit·ae=t‚
1205 2393 1351 2506 quatuor
1376 2407 1574 2480 babebimus
1600 2407 1730 2482 litteras
1755 2409 1875 2480 latinas
1899 2367 1932 2497 a,
1959 2407 1990 2498 b,
2017 2431 2045 2498 c,
2072 2409 2107 2500 d,
2132 2432 2274 2508 quarum
2301 2413 2429 2486 valeres
2569 2461 2570 2464 ,

407 2569 486 2630 sunt
511 2561 550 2646 0,
580 2564 617 2645 t,
646 2560 684 2644 8,
714 2557 777 2642 12,
804 2551 1014 2650 totidemque
1041 2554 1139 2624 etiam
1166 2551 1295 2622 litteras
1321 2572 1460 2643 graecas
1486 2577 1526 2636 a,
1552 2549 1593 2638 β,
1619 2575 1654 2642 γ,
1681 2542 1714 2638 δ,
1740 2572 1887 2646 quorum
1913 2549 2045 2622 valeres
2070 2561 2172 2622 erunt
2201 2557 2235 2640 l,
2262 2555 2303 2640 2,
2331 2556 2371 2640 3,
2399 2559 2430 2626 l.

407 2699 519 2771 Primo
557 2701 663 2791 igitur
699 2695 758 2766 tali
790 2693 953 2789 quadrato
983 2704 1131 2787 quatuor
1160 2696 1241 2763 istas
1273 2693 1403 2764 litteras
1428 2693 1548 2763 latinas
1574 2695 1620 2764 ita
1644 2691 1882 2814 inscribamus,
1921 2703 1961 2764 ut
1985 2701 2054 2764 tam
2081 2694 2115 2764 in
2140 2695 2295 2768 omnibus
2319 2691 2432 2768 fasciis
2569 2719 2570 2730 ¹

407 2837 692 2924 horizontalibus,
730 2859 830 2931 quam
867 2835 1101 2920 verticalibus,
1141 2856 1258 2906 omnes
1294 2833 1359 2904 bae
1396 2844 1542 2928 quatuor
1573 2833 1702 2906 litterae
1733 2843 1931 2917 occurant,
1967 2845 2068 2931 atque
2093 2845 2133 2907 ut
2157 2835 2224 2908 boe
2248 2839 2368 2926 etiam,
2405 2839 2431 2908 si
2569 2855 2570 2916 j

409 2975 484 3052 sreri
509 2989 637 3076 potest,
669 2980 702 3048 in
728 2977 889 3048 ambabus
914 2975 1148 3070 diagonalibus
1174 2999 1239 3048 usu
1263 2977 1385 3046 veniat.

504 3190 610 3296 §rt
661 3191 825 3278 Quoniam
862 3194 969 3285 igitur
1006 3194 1094 3261 inter
1124 3189 1186 3261 bas
1216 3191 1346 3264 litteras
1374 3213 1412 3278 u,
1445 3190 1481 3278 b,
1516 3212 1552 3279 o,
1585 3189 1611 3264 d
1642 3190 1757 3264 nullus
1787 3190 1872 3264 ordo
1893 3169 2147 3288 praescribitur,
2184 3215 2241 3264 eas
2266 3191 2302 3265 in
2328 3195 2430 3288 prima

409 3335 566 3412 columna
599 3333 799 3406 borizontali
836 3334 953 3407 ordine
984 3335 1224 3422 inscribamus,
1263 3345 1335 3408 tum
1359 3358 1450 3406 ‚vero
1482 3337 1582 3404 etiarn
1610 3329 1735 3406 insciae
1760 3331 1928 3430 diagonali
1955 3333 2124 3422 sinistrae,
2163 3335 2220 3405 ubi
2247 3337 2283 3405 in
2308 3335 2429 3407 cellula
2569 3383 2570 3386 =

409 3476 555 3550 secunda
586 3475 689 3572 hujus
717 3472 841 3547 lasciae
866 3473 1056 3568 diagonalis
1080 3475 1132 3546 vel
1158 3475 1304 3548 litteram
1330 3498 1364 3561 o,
1403 3475 1457 3546 rel
1483 3473 1509 3544 d
1534 3473 1636 3546 scribi
1662 3473 1848 3568 oportebit,
1886 3473 2072 3545 scribamus
2099 3475 2205 3568 igitur
2228 3495 2263 3561 e,
2304 3475 2429 3572 etjam

408 3621 536 3722 reliqua
574 3620 686 3692 omnia
724 3613 1053 3702 determinabuntur,
1092 3613 1278 3689 dummodo
1308 3629 1482 3705 caveatur,
1522 3639 1564 3688 ne
1594 3615 1713 3688 eadem
1743 3613 1855 3717 littera
1886 3614 1938 3686 bis
1969 3616 2003 3686 ln
2034 3611 2174 3686 eandem
2199 3609 2338 3688 lesdam
2363 3619 2431 3689 sire

410 3761 672 3842 horizontalem,
697 3763 766 3840 sive
791 3759 988 3831 verticulum
1013 3755 1193 3844 toleratura
1218 3759 1286 3834 boc
1312 3740 1676 3867 modo'nanciscemur
1700 3769 1894 3854 sequentem
1919 3751 2083 3852 figuram:
2402 3738 2406 3746 ¹

361 4821 368 4830 ι
411 4855 467 4933 ubi
506 4856 591 4932 adeo
628 4861 729 4930 etlam
759 4856 864 4930 altera
893 4854 1082 4953 diagonalis
1112 4879 1230 4930 omnes
1260 4867 1408 4951 quatuos
1436 4856 1566 4936 litteras
1598 4827 1768 4945 continet,
1808 4859 1854 4930 ita
1886 4867 1926 4928 nt
1954 4855 2012 4928 bic
2042 4857 2135 4930 nulla
2165 4851 2317 4934 conditio
2343 4861 2429 4933 circa

413 5001 544 5073 ralores
567 4999 755 5071 litterarum
780 5023 812 5085 u,
837 4997 869 5086 b,
896 5021 924 5086 e,
953 4999 978 5070 d
1002 4997 1258 5094 praescribatur.
1299 4996 1365 5067 Hie
1390 4996 1524 5091 quidem
1551 4997 1693 5071 cellulae
1717 4997 1906 5092 diagonalis
1931 4997 2099 5071 secundae
2124 5000 2224 5072 etiam
2249 5000 2429 5073 inscribere

409 5143 634 5236 potuissemus
653 5119 802 5216 litteram
826 5139 867 5226 d,
907 5161 1023 5211 verum
1049 5132 1160 5232 ligura
1186 5136 1268 5209 binc
1294 5137 1477 5225 resultans,
1516 5159 1586 5213 non
1612 5137 1709 5208 aliter
1733 5138 1797 5208 nisi
1822 5141 1890 5210 situ
1914 5137 1957 5210 ab
1982 5137 2048 5210 bac
2073 5131 2186 5235 figura
2212 5137 2429 5236 discreparet,

409 5286 455 5356 ita
479 5292 519 5354 ut
543 5279 628 5352 haee
651 5273 764 5375 ligura
790 5303 907 5354 omnes
933 5303 1031 5354 casus
1056 5279 1231 5376 possibiles
1256 5279 1437 5386 complecti
1462 5282 1506 5349 sit
1531 5278 1712 5362 censenda.

507 5462 528 5567 §
557 5470 612 5540 15.
663 5463 740 5538 Jam
778 5490 840 5563 pro
879 5465 1001 5538 litteris
1037 5469 1169 5562 graecis
1199 5463 1438 5555 inscribendis,
1477 5468 1635 5560 quoniam
1666 5467 1759 5540 nulla
1791 5465 1893 5540 datur
1917 5463 2021 5541 fascia
2045 5469 2173 5558 media,
2210 5491 2321 5567 neque
2347 5475 2429 5544 inter

408 5609 648 5699 horizontales,
680 5633 790 5706 neque
816 5608 1010 5699 verticales,
1035 5605 1174 5682 fasciam
1200 5608 1411 5703 diagonalem
1436 5633 1475 5698 o,
1501 5632 1535 5697 e,
1561 5609 1600 5697 d,
1627 5610 1649 5679 b
1673 5633 1735 5706 pro
1760 5610 1870 5683 media
1895 5611 1951 5684 illa
1976 5615 2191 5709 accipiamus,
2218 5635 2296 5686 mox
2319 5626 2430 5689 auum

408 5749 716 5846 deprehendemus,
753 5753 790 5822 in
828 5749 960 5824 cellulis
999 5753 1155 5846 utrinque
1187 5773 1292 5847 aeque
1323 5753 1462 5824 remotis
1494 5762 1529 5822 et
1554 5751 1836 5846 respondentibus
1858 5753 1983 5850 ubique
2008 5754 2105 5828 binas
2129 5755 2260 5830 litteras
2285 5759 2376 5832 inter
2395 5778 2430 5830 se

407 5893 557 5965 diversas
580 5896 736 5989 reperirl;
762 5890 853 5964 unde
877 5892 997 5987 regida
1020 5915 1120 5988 supra
1145 5887 1168 5992 §
1192 5896 1231 5964 11
1262 5892 1339 5965 data
1364 5905 1441 5966 tuto
1467 5895 1517 5966 uti
1544 5892 1670 5968 licebit.
1697 5893 1808 5968 Primo
1834 5897 1944 5991 igitur
1968 5895 2091 5970 litteris
2114 5899 2151 5970 in
2173 5897 2239 5972 bac
2263 5896 2430 5997 diagonsli

323 6055 327 6062 ·
408 6033 579 6130 dispositis
597 6033 785 6132 jungamus
811 6054 950 6126 graecas
976 6037 1211 6130 cognomines,
1235 6033 1355 6107 deinde
1381 6039 1415 6106 in
1440 6035 1571 6108 cellulis
1594 6035 1878 6133 respondentibus
1896 6037 2027 6116 litteras
2051 6059 2192 6143 gpaecss
2214 6043 2431 6138 cognominet

412 6187 657 6272 permutemus;
688 6174 823 6272 hocque
849 6174 952 6249 modo
976 6199 1129 6274 sequens·
1142 6171 1256 6271 figura
1280 6172 1495 6258 formabitur:
