5166 7072
267 1637 290 1744 ς
318 1646 390 1716 tt..
425 1644 465 1718 ln
487 1597 555 1744 *hac
580 1647 688 1747 igitur
712 1639 823 1752 figura
848 1667 967 1720 omnes
981 1607 1138 1740 quatuor
1162 1646 1294 1717 litterae
1319 1609 1387 1750 tam
1409 1647 1546 1734 latinae,
1572 1593 1835 1746 lpuem'g'raecae
1854 1649 1887 1720 in
1908 1597 2064 1724 concilius
2083 1599 2195 1738 lesciis

165 1789 238 1856 tam
263 1783 418 1885 directis,
442 1808 543 1882 quam
568 1784 805 1886 diagonaliltus
827 1796 1032 1894 occurrunt3
1057 1784 1147 1858 unde
1173 1791 1329 1882 quaterni
1355 1787 1486 1858 valeres
1510 1789 1673 1860 numeriei
1699 1787 1751 1860 his
1771 1790 1892 1862 litteris
1910 1813 1975 1890 pro
1993 1791 2104 1864 lubitu
2122 1795 2194 1874 sine
2242 1811 2247 1823 ·

168 1923 240 1998 utta
279 1925 477 1999 limitatione
498 1891 619 2000 'tribui
656 1939 810 2023 possunt.
861 1926 946 2000 Cum
976 1929 1081 2022 igitur
1110 1937 1258 2022 quatuor
1288 1929 1419 1999 litterae
1450 1931 1497 2000 23
1530 1932 1729 2002 variationes
1761 1933 1910 2026 recipere
1934 1942 2078 2028 queant,
2115 1931 2194 2041 laiac

167 2067 308 2139 omnino
334 2069 405 2142 576
431 2065 582 2142 diversae
606 2063 739 2165 figurae
764 2064 905 2143 formari
931 2075 1110 2164 poterunt,
1136 2068 1194 2141 ubi
1220 2069 1354 2162 quidem
1381 2070 1493 2164 plures
1517 2082 1652 2142 tantum
1678 2073 1807 2172 ratione
1834 2074 1918 2146 situs
1941 2035 2022 2145 ase
2049 2035 2194 2146 invicem

167 2203 454 2304 competunt·

265 2343 289 2448 S
317 2353 373 2425 17.
411 2351 616 2448 Nentiqnam
641 2374 724 2425 vero
749 2349 830 2424 hinc
857 2349 1063 2432 concludere
1084 2353 1182 2431 licet,
1208 2355 1242 2425 in
1268 2353 1333 2425 hae
1359 2347 1469 2449 figura
1495 2355 1608 2426 omnia
1632 2354 1730 2449 plane
1755 2351 1919 2449 quadrata
1939 2355 2070 2450 magica
2090 2355 2192 2452 lrnjns

165 2491 292 2586 speciei
329 2493 510 2566 contineri.
563 2493 737 2564 Praeterea
768 2493 858 2566 enim
889 2491 1029 2594 plurima
1064 2494 1129 2564 alia
1162 2493 1308 2565 exhiberi
1336 2505 1492 2589 possunt,
1532 2495 1589 2566 ubi
1613 2516 1683 2567 non
1709 2497 1742 2565 in
1769 2493 1913 2590 singulis
1937 2491 2051 2567 lesciis
2076 2517 2196 2574 omnes

166 2641 315 2728 qnattmr
351 2631 485 2706 litterae
521 2643 591 2706 tam
621 2633 757 2720 latinae,
795 2653 896 2730 quam
920 2654 1063 2728 graecm
1089 2638 1319 2730 reperiuntur,
1352 2635 1458 2708 nihilo
1484 2657 1565 2710 roro
1591 2638 1702 2707 minus
1726 2625 1945 2722 conditiones,
1966 2638 2192 2732 praescriptae

168 2770 414 2870 adimplentur,
437 2775 524 2847 tales
548 2785 663 2848 autern
687 2769 816 2848 lormas
841 2797 901 2870 per
925 2778 1220 2871 transpositionem
1245 2777 1478 2850 columnarum
1497 2780 1566 2848 sive
1586 2775 1863 2864 homaorrtalium,
1889 2779 1961 2848 sire
1984 2777 2195 2850 verticalium

166 2915 250 2987 oriri
281 2925 439 3010 possum,
479 2895 583 2990 veluti
615 2918 643 2990 si
674 2917 710 2990 in
734 2917 910 3012 superiore
936 2909 1050 3013 ligura
1071 2919 1178 3014 prima
1201 2891 1362 2991 columna
1387 2919 1556 2992 verticalis
1580 2921 1615 2990 in
1639 2911 1741 2990 linem
1767 2929 2023 3016 transponatur,
2062 2921 2193 2992 orietur

165 3053 252 3128 haec
278 3047 409 3152 figura:
532 3099 535 3106 ·

164 4027 224 4100 nbi
248 4023 384 4122 qmdem
410 4027 445 4097 in
469 4023 626 4098 omnibns
649 4020 766 4096 lesciis
790 4033 860 4096 um
885 4021 1170 4116 nemoralibus,
1196 4045 1297 4130 quam
1316 4023 1533 4124 verticalibus
1553 4045 1671 4097 omnes
1689 4023 1822 4098 litterae
1840 4035 1910 4098 um
1930 4028 2065 4116 latinae,
2091 4051 2192 4124 quam
2285 4087 2289 4095 ,

164 4187 309 4262 graecae
339 4169 532 4240 etiamnunc
565 4167 794 4265 reperiuntur,
833 4187 950 4238 rerum
981 4166 1016 4236 in
1045 4163 1212 4260 diagonali
1244 4187 1263 4236 a
1288 4167 1421 4238 sinistra
1447 4165 1493 4238 atl
1517 4165 1667 4239 domnam
1693 4141 2031 4244 dementente'duae
2058 4182 2190 4243 tantum

164 4308 298 4382 litterae
329 4309 451 4382 latinas
484 4317 670 4382 occurrunt
699 4305 830 4384 scilicet
864 4305 945 4379 tet
968 4328 1004 4394 c,
1040 4329 1181 4402 graecae
1212 4288 1325 4378 antem
1350 4310 1475 4402 pariter
1498 4318 1633 4380 tautmn
1657 4306 1746 4380 tuae
1770 4335 1795 4378 o
1817 4319 1853 4382 et
1878 4303 1910 4384 ὅ.
1963 4311 2090 4386 Contra
2115 4337 2194 4386 vero

167 4451 202 4522 in
227 4451 334 4522 altera
359 4449 531 4546 diagonali
556 4458 690 4520 tanturn
715 4447 780 4521 hae
804 4445 892 4522 duae
918 4449 1048 4521 litterae
1074 4448 1244 4522 latinae-a
1271 4459 1308 4520 et
1330 4449 1367 4538 d,
1393 4472 1534 4546 graecae
1561 4471 1640 4522 vero
1665 4463 1705 4524 ut
1730 4461 1819 4538 ante,
1845 4462 1978 4524 tantum
2000 4480 2025 4522 α
2050 4463 2087 4524 et
2112 4447 2143 4523 tl

262 4629 371 4734 stt.
422 4633 471 4708 tta
499 4635 606 4730 igitur
636 4631 722 4706 haec
752 4625 864 4728 figura
894 4631 1148 4707 conditionibus
1171 4637 1387 4729 praescriptis
1409 4629 1609 4721 mtislaoiat,
1646 4658 1715 4710 uon
1739 4637 1881 4732 amplius
1905 4635 2050 4731 anguto
2074 4637 2194 4740 litteris

165 4777 321 4874 singulos
352 4775 483 4850 valores
512 4779 705 4849 numericos
735 4773 883 4848 tribuere
914 4773 1015 4864 licet,
1056 4799 1173 4848 rerum
1205 4776 1289 4848 haee
1322 4777 1477 4849 limitatio
1502 4775 1605 4872 adjici
1631 4776 1747 4865 debet,
1785 4789 1822 4851 ut
1847 4800 1909 4874 pro
1936 4777 2057 4852 litteris
2083 4779 2194 4850 latinis

164 4911 228 4992 liat
252 4917 551 5004 a÷e=e÷s3
575 4933 643 5012 ¹pro
667 4918 799 5026 maenis
824 4926 936 4989 antem
956 4927 994 4990 ut
1018 4920 1143 5014 ptritm
1158 4921 1205 4991 'sit
1228 4912 1540 5009 a÷t=o÷y,
1566 4886 1784 5014 penetrem
1809 4922 2035 5004 si,snmamus
2059 4943 2082 4990 a
2098 4948 2142 4984 2·
2158 4924 2192 5007 o,

165 5060 540 5156 stamioportetrl=
558 5061 620 5148 12,
659 5051 1093 5133 utliattztstc-z
1105 5059 1770 5148 ti,relrieerersae==·tet·t=
1764 5063 1818 5133 8.
1871 5059 2194 5156 Similimodopro

166 5203 298 5299 meeis
328 5201 451 5274 litteris
482 5203 510 5272 sl
542 5212 695 5275 sumatur
724 5227 808 5272 a:
825 5207 862 5289 1,
901 5195 976 5275 lieri
1008 5201 1110 5275 debet
1141 5195 1279 5290 6=i,
1311 5214 1386 5332 tum
1410 5203 1609 5290 verost:
1624 5205 1819 5294 2ety-
1774 5205 1869 5278 -a
1922 5201 2020 5275 Unde
2048 5207 2194 5274 nascitur

167 5340 260 5416 istud
284 5341 486 5438 quadratum
511 5344 680 5436 magicum
706 5340 968 5438 determinatum
1113 5344 1114 5353 '

273 6349 300 6397 la·
326 6347 421 6398 ΙιΙιιΙ
440 6351 478 6410 Q·
495 6349 609 6409 μῦιι.
630 6349 689 6398 nt.
