5180 7064
985 613 988 622 .
1018 543 1064 625 x.
1092 541 1309 647 aunum
1337 541 1503 626 orme
1532 543 1822 630 rosunum.

1358 1501 1494 1606 xur.
1580 1463 1614 1501 ''
1673 1490 1677 1501 ’

411 1873 594 1958 Series
615 1807 849 1956 maxime
873 1805 1108 1954 idoneae
1132 1887 1229 1972 pro
1255 1849 1452 1954 cl'r'csffl
1475 1817 1806 1972 quadratura
1827 1848 2071 1974 proxime
2088 1874 2427 1960 invemenda.
2576 1997 2578 2016 1

513 2511 545 2579 1.
582 2504 772 2604 Antequam
798 2503 983 2597 Analyseos
1008 2498 1215 2576 infinitorum
1234 2505 1400 2600 principia
1418 2514 1532 2576 essent
1551 2514 1742 2601 perspecta,
1768 2503 1862 2576 nulla
1880 2502 1944 2576 alia
1964 2505 2018 2576 via
2042 2505 2208 2576 rationem
2226 2503 2428 2602 peripheriae

410 2645 455 2720 ad
488 2645 688 2719 diametrum
724 2643 929 2740 explorandi,
952 2643 1104 2740 patebat,
1145 2655 1279 2740 praeter
1313 2630 1618 2717 considerationem
1649 2645 1896 2740 polygooorum
1929 2645 2057 2717 circulo
2088 2665 2167 2716 cum
2195 2645 2429 2740 inscriptorum

409 2801 483 2862 tum
509 2791 854 2887 circumscriptorum.
904 2786 952 2858 Ex
977 2807 1044 2882 quo
1068 2781 1163 2858 lonte
1188 2789 1332 2880 primum
1357 2783 1630 2882 Archimedes
1653 2787 1861 2858 notissimam
1885 2787 2139 2884 proportionem
2164 2785 2213 2856 22
2236 2783 2281 2856 ad
2302 2788 2337 2884 7,
2361 2797 2429 2859 tum

409 2953 491 3004 vero
516 2895 676 3003 Metius,
692 2899 826 3002 veritati
851 2905 1044 3024 propiorem
1071 2930 1140 3000 355
1167 2927 1209 2998 ad
1239 2927 1466 3036 titelheim
1492 2893 1602 3002 donec
1626 2925 1764 3004 tandem
1788 2923 1994 3002 Ludolius
2022 2949 2043 3000 a
2067 2924 2216 3002 Geulen
2241 2925 2331 3000 hanc
2355 2949 2430 3022 prn-

408 3043 599 3168 portionem
624 3071 667 3145 ad
695 3075 739 3146 35
766 3064 896 3164 figuras
920 3071 954 3140 in
980 3070 1133 3164 partibus
1158 3069 1377 3141 decimalibus
1402 3066 1579 3164 produxit,
1617 3091 1718 3164 quem
1747 3067 1954 3164 stupendum
1978 3079 2014 3140 et
2037 3069 2310 3142 molestissimum
2336 3070 2429 3144 laho-
2457 3038 2462 3051 Ι

408 3239 482 3290 rem
507 3225 599 3288 certe
625 3217 678 3287 rix
705 3212 847 3284 ulterius
873 3215 1032 3306 prosequi
1058 3211 1220 3283 licuisset.
1262 3207 1392 3282 Deinde
1419 3231 1519 3296 vero,
1546 3233 1635 3298 cum,
1661 3191 1825 3302 Analysis'
1834 3200 2050 3284 infinitorum
2068 3232 2143 3306 ope,
2164 3211 2269 3282 series
2288 3209 2426 3285 idoneae

407 3360 573 3432 rationem
598 3355 752 3428 diametri
777 3351 821 3426 ad
845 3351 1066 3448 peripheriam
1091 3343 1312 3448 exprimentes
1339 3360 1453 3422 essent
1476 3349 1659 3440 exhibitae,
1689 3351 1798 3424 multo
1828 3355 1957 3424 minore
1980 3349 2095 3426 labore
2118 3355 2206 3426 ratio
2230 3347 2428 3450 Ludoliiaaa

407 3499 517 3573 multo
547 3497 699 3590 longius,
738 3497 844 3590 primo
872 3494 1003 3566 scilicet
1033 3517 1054 3564 a
1079 3493 1283 3588 Scharpio
1315 3491 1360 3564 ad
1393 3495 1455 3581 72,
1496 3502 1568 3564 tum
1601 3515 1680 3587 vero
1709 3515 1729 3564 a
1761 3491 1949 3566 Machina
1976 3491 2021 3565 ad
2048 3495 2135 3581 100,
2173 3515 2216 3566 ac
2240 3491 2426 3593 deniquea

406 3638 563 3732 Lagnio
576 3671 580 3679 ·
595 3633 638 3708 ad
672 3638 742 3708 120
773 3627 905 3729 figuras
937 3633 1117 3706 decimales
1148 3645 1200 3706 est
1230 3637 1442 3718 continuatar
1482 3657 1522 3706 ex
1551 3656 1619 3732 qua
1648 3635 1780 3706 ratione
1810 3635 1839 3706 si
1864 3629 2136 3706 circumferentia
2160 3619 2296 3723 circuli,
2333 3639 2427 3736 cujus

406 3779 571 3852 diameter
595 3775 788 3848 distantiam
814 3775 986 3848 stellarum
1011 3769 1151 3847 fixarum
1176 3778 1314 3848 maxime
1340 3787 1548 3849 remotarum
1573 3785 1764 3871 superaret,
1789 3785 2058 3872 computaretur,
2086 3797 2130 3850 ne
2153 3775 2330 3852 millesima
2353 3783 2427 3875 qui·
2577 3865 2578 3870 ¹

406 3921 484 3994 dem
510 3919 643 4015 pollicis
666 3928 762 4014 parte
787 3940 807 3989 a
831 3920 972 3988 veritate
996 3917 1222 3991 aberraretur.
1936 3917 1939 3926 '

504 4106 539 4176 2.
590 4101 731 4176 Assidui
757 4113 870 4174 autem
894 4094 937 4176 hi
955 4101 1194 4190 calculatores,
1223 4125 1367 4198 quorum
1392 4101 1557 4174 industria
1582 4125 1746 4176 summam
1770 4113 1919 4176 meretur
1942 4099 2077 4176 laudem
2100 4114 2136 4175 et
2159 4101 2423 4190 admirationem,

404 4269 521 4320 omnes
552 4247 605 4318 usi
635 4254 715 4316 sunt
743 4247 845 4333 serie,
884 4267 950 4341 qua
981 4267 1079 4316 arcus
1108 4243 1222 4316 circuli
1255 4267 1294 4316 ex
1323 4255 1487 4339 tangente
1518 4237 1697 4334 delinitur,
1735 4247 1781 4317 ita
1811 4255 1852 4318 ut
1881 4247 1991 4341 posita
2014 4253 2177 4340 tangente
2203 4275 2251 4308 =
2264 4257 2295 4332 t,
2335 4245 2425 4318 radio

404 4387 567 4460 existente
592 4415 640 4450 =
657 4389 695 4474 1,
726 4407 825 4458 arcus
849 4381 1060 4481 respondens
1084 4387 1129 4456 ait

997 4525 1844 4684 =t-}t⁸-r-—}t⁵-÷t⁷·-r-}t⁹-eto.,

404 4787 490 4863 quae
526 4767 630 4838 series
666 4769 783 4860 utique
814 4766 953 4850 maxime
984 4785 1198 4858 convergens
1226 4731 1323 4835 reddi
1359 4773 1486 4860 posset,
1525 4764 1554 4834 si
1583 4773 1779 4857 tangentem
1807 4775 1821 4834 1
1849 4787 1909 4858 pro
1938 4761 2049 4836 lubitu
2078 4759 2264 4834 diminuere
2296 4762 2420 4860 liceret.

402 4903 531 4976 Verum
562 4891 639 4978 cum
665 4905 746 4978 hinc
772 4907 859 4978 ratio
884 4905 1035 4977 diametri
1068 4903 1112 4976 ad
1137 4904 1358 5000 peripheriam
1383 4904 1542 4978 concludi
1569 4915 1727 5001 nequeat,
1764 4907 1830 4977 nisi
1860 4927 1960 4978 arcus
1985 4905 2041 4976 ille
2064 4903 2109 4978 ad
2135 4915 2241 4977 totam
2268 4901 2423 4998 periphe-

402 5046 486 5118 riam
521 5047 757 5141 assignabilem
788 5057 824 5118 et
853 5049 1026 5143 cognitam
1054 5055 1171 5117 teneat
1200 5047 1383 5133 rationem,
1418 5049 1470 5118 vix
1502 5049 1667 5120 minorem
1683 5039 1817 5119 ¹arcum
1847 5049 1881 5118 in
1907 5045 2000 5119 hunc
2025 5039 2130 5118 finem
2153 5046 2310 5140 accipere
2336 5044 2420 5129 licet,

401 5202 504 5276 quam
531 5179 608 5270 30⁰,
632 5181 732 5280 cujus
756 5192 903 5279 tangens
928 5163 982 5254 est
1004 5143 1067 5304 {5³
1094 5179 1185 5256 unde
1211 5181 1394 5254 denotante
1419 5205 1446 5251 a
1470 5181 1694 5278 peripheriam
1713 5183 1855 5300 circuli,
1881 5182 1983 5280 cujus
2007 5181 2170 5254 diameter
2189 5189 2242 5251 est
2258 5183 2360 5302 ,²²¹'
2384 5169 2420 5249 iit

840 5375 861 5412 π
960 5359 974 5416 1
1151 5357 1165 5414 1
1286 5357 1300 5415 1
1434 5359 1447 5414 1
1580 5357 1595 5416 1
1735 5359 1750 5414 1

828 5363 1985 5524 s²·e(¹-ss÷sn·r.e÷a:e³·nns÷⁰i⁰·)·
2111 5514 2113 5518 ,

1085 5597 1099 5652 1
1223 5597 1237 5652 1
1370 5597 1384 5652 1
1517 5595 1531 5652 1
1672 5597 1685 5651 1

669 5659 731 5708 seu
845 5601 2000 5768 ³²(1'U*W“W*U’W4⁶t⁰')V¹2‘

400 5873 473 5948 Etsi
498 5876 586 5946 enim
612 5873 757 5970 angulus
786 5873 865 5962 18⁰,
896 5875 994 5971 cujus
1019 5885 1163 5970 tangens
1191 5884 1244 5946 est
1268 5869 1346 5970 V(i
1362 5835 1579 5993 -2V-;-),
1605 5875 1725 5946 seriem
1752 5872 1859 5946 multo
1884 5873 1992 5966 magis
2011 5869 2129 5944 reddat
2146 5881 2414 5967 convergeotem,

399 6008 522 6105 duplex
546 6019 660 6080 tamen
684 6011 920 6082 irrationalitas
945 6008 1114 6082 caleulum
1138 6018 1316 6104 tantopere
1342 6007 1523 6081 molestum
1549 6005 1676 6096 reddit,
1707 6019 1748 6082 ut
1772 6007 1903 6082 nullum
1928 6005 2006 6081 iude
2031 6003 2272 6104 compendium
2297 6003 2417 6101 sperari

399 6151 526 6248 possit,
552 6173 638 6247 quae
665 6149 818 6229 molestia
843 6173 905 6248 pro
932 6149 1118 6224 minoribus
1143 6149 1278 6246 angulis
1304 6149 1411 6223 multo
1436 6152 1544 6247 magis
1569 6151 1741 6224 increscit.
2200 6143 2204 6149 ’
