5192 7068
1172 559 1398 621 -v...

283 805 384 907 prior
407 802 561 882 exhibet
583 803 653 882 sub
679 803 843 882 Numero
863 801 1013 898 xxiii,
1038 827 1143 908 pagg.
1165 803 1405 882 tot-too.
1438 803 1481 880 ln
1507 801 1604 881 bunc
1626 815 1826 906 praeterea
1850 829 1896 882 err
1919 805 2142 886 adversariis
2165 807 2290 887 illatae

277 991 361 1058 sunt
382 978 509 1059 tbeses
530 981 782 1084 geometricae
807 993 906 1077 octo,
931 961 1058 1060 tbeses
1082 981 1255 1086 analytici
1273 983 1478 1086 argumenti
1498 993 1656 1084 quatuor
1680 991 1719 1059 et
1742 981 1838 1059 dnae
1859 982 1906 1060 ad
1926 983 2107 1062 calculum
2128 986 2292 1088 integra·

276 1157 352 1234 lem
378 1169 607 1260 spectantes:
633 1159 682 1235 ita
701 1169 741 1234 ut
761 1157 911 1235 omnino
931 1171 1035 1234 tomo
1054 1157 1169 1259 priori
1187 1155 1261 1234 llll
1281 1155 1408 1235 theses
1432 1181 1479 1234 ex
1502 1156 1722 1236 adversariis
1746 1158 1994 1263 depromptae
2017 1166 2288 1240 contineantur.
2364 1120 2366 1125 ¹

380 1331 651 1438 Complectitur
678 1335 784 1438 igitur
811 1345 934 1411 tomus
964 1334 1065 1436 prior
1092 1357 1138 1411 ea
1167 1357 1263 1438 qnae
1292 1333 1338 1412 de
1368 1331 1512 1412 theoria
1542 1359 1779 1412 numerorum
1809 1337 1917 1414 etde
1940 1336 2289 1442 analysi.liulerus

276 1509 412 1612 scripta
452 1511 675 1616 reliquerat3
721 1521 844 1588 tomus
880 1511 977 1588 alter
1022 1511 1158 1614 scripta
1202 1507 1249 1588 de
1292 1509 1532 1606 mechanica,
1579 1511 1627 1590 de
1672 1513 1901 1590 astronomia
1947 1525 1986 1591 et
2031 1513 2077 1592 de
2123 1514 2288 1621 physica.

276 1685 398 1781 ouum
427 1707 517 1766 vero
546 1699 666 1766 tomus
694 1687 791 1766 alter
819 1689 936 1765 multo
964 1687 1090 1792 plnres
1118 1688 1334 1790 impleturus
1367 1699 1468 1765 esset
1501 1688 1666 1790 plagulas
1698 1710 1809 1792 quarn
1845 1681 1966 1792 prior,
2005 1692 2144 1793 placuit
2173 1691 2288 1772 Panlo

276 1861 440 1942 ilenrico
473 1861 579 1942 Fusa
616 1863 780 1968 adjicere
810 1862 893 1943 buic
927 1876 1031 1942 torno
1062 1864 1207 1941 litteras
1242 1864 1423 1966 quasdam
1459 1863 1603 1942 Euleri
1637 1865 1684 1942 ad
1712 1865 1758 1942 ΙΙ.
1786 1863 2099 1964 Bernoullium,
2143 1867 2290 1950 Fride·

275 2041 406 2118 rioum
435 2036 473 2117 Il
504 2041 702 2120 borussiae
729 2063 856 2146 regem
885 2053 923 2120 et
952 2041 1233 2146 Lagrangium
1263 2041 1385 2135 datas,
1419 2065 1510 2144 quas
1538 2039 1855 2144 qnideorlitteras
1884 2041 2006 2120 editor
2033 2043 2106 2121 alio
2135 2047 2288 2126 consilio

274 2217 452 2294 collectas
479 2215 617 2294 babuit.

379 2391 463 2474 iam
492 2395 606 2472 totius
634 2395 760 2497 operis
794 2393 887 2474 baec
914 2407 972 2473 est
1000 2395 1204 2498 dispositio.
1252 2395 1389 2473 Tomos
1418 2397 1521 2498 prior
1554 2397 1649 2474 sistit
1681 2395 1866 2476 sectiones
1899 2410 1992 2494 tres,
2032 2417 2187 2501 quarum
2222 2401 2289 2474 l¹¹¹⁸¹n

276 2569 436 2650 efficiunt
473 2570 510 2674 o)
538 2567 803 2668 Aritbmetioa,
837 2593 933 2675 qnae
962 2573 1110 2676 quidem
1140 2573 1175 2649 in
1205 2571 1645 2650 «Commentationibnso
1669 2573 1748 2676 jam
1779 2571 2030 2670 habebantur,
2063 2575 2099 2651 in
2127 2573 2197 2654 bae
2226 2599 2290 2653 au-

274 2761 350 2826 tern
380 2749 603 2826 collectione
633 2773 790 2852 operum
821 2759 1077 2852 postumorom
1107 2747 1254 2827 Euleri
1283 2749 1445 2826 omnium
1475 2752 1595 2852 repeti
1624 2749 1826 2828 debebant.
1865 2749 1901 2850 b)
1931 2749 2138 2854 Nonaginta
2164 2749 2290 2830 theses

273 2949 319 3002 ex
348 2923 569 3004 adversariis
598 2949 710 3028 supra
739 2925 845 3002 dictis
873 2925 1120 3028 depromptae
1149 2951 1194 3003 ac
1222 2925 1423 3003 secundum
1455 2927 1629 3003 materias
1658 2925 1835 3030 digestae.
1866 2925 2008 3003 Harum
2036 2926 2200 3029 singulae
2225 2950 2292 3004 no-

273 3125 356 3180 men
386 3126 476 3205 prae
505 3128 546 3180 se
578 3101 698 3180 lerunt
727 3102 918 3205 discipuli,
949 3103 1011 3205 qni
1039 3127 1338 3206 unamquamque
1366 3103 1537 3205 exposuit
1565 3115 1603 3180 et
1631 3101 1749 3180 codici
1777 3101 1908 3179 intulit.

387 3280 513 3358 Sectio
541 3277 609 3356 Ha.
637 3280 799 3382 pertinet
827 3280 875 3356 ad
898 3279 1063 3382 analysin
1088 3290 1127 3356 et
1151 3277 1436 3380 comprehendit
1461 3278 1630 3356 undecim
1657 3279 1937 3356 dissertationes
1960 3279 2051 3354 varii
2075 3281 2293 3382 argumenti,

281 3481 396 3560 porro
419 3456 771 3534 commentationem
798 3456 997 3560 majorem,
1027 3457 1084 3532 oui
1113 3455 1260 3532 titulus:
1291 3487 1310 3525 «
1322 3455 1575 3532 institutiones
1598 3454 1729 3532 calculi
1758 3453 2020 3532 dill'erentialis.
2059 3453 2185 3532 Sectio
2209 3454 2294 3531 ΙΙΙ»

279 3633 554 3713 Commentalio
585 3631 678 3711 baec
705 3632 865 3736 praebet
891 3632 1204 3710 continuationem
1234 3633 1360 3734 operis
1388 3631 1467 3734 jam
1496 3631 1631 3708 dudum
1660 3630 1759 3734 typis
1788 3631 1922 3734 vulgati
1950 3631 2024 3708 «de
2052 3631 2196 3709 calculo
2224 3631 2294 3708 dil-

281 3810 499 3889 lorentialio.

384 3985 510 4064 Sectio
538 3983 626 4062 fflo.
654 3983 761 4062 allent
785 3985 899 4062 varia.
937 3983 1124 4089 Leguntur
1153 3984 1213 4064 bic
1242 3986 1364 4090 viginti
1392 3985 1535 4082 theses,
1565 4010 1612 4063 ex
1640 3985 1725 4081 illis,
1754 4009 1851 4089 quae
1879 4009 1991 4088 supra
2019 4009 2292 4065 commemora-

277 4165 409 4258 vimus,
448 4163 670 4240 adversariis
703 4162 965 4265 transcriptae.
1013 4161 1153 4239 Harum
1183 4186 1250 4240 sex
1283 4161 1330 4238 de
1358 4159 1502 4238 theoria
1533 4186 1769 4238 numerorum
1803 4173 1935 4264 agunt,
1970 4173 2057 4240 octo
2090 4176 2174 4239 sunt
2201 4187 2291 4265 geo-

276 4341 419 4418 metrici
448 4341 675 4442 argumenti,
708 4349 868 4441 quatuor
896 4338 1066 4435 analytioi
1094 4349 1133 4414 et
1163 4337 1257 4414 duae
1286 4337 1467 4415 caleulum
1498 4339 1712 4441 integralem
1743 4349 1925 4440 spectant.
1964 4335 2056 4412 Tum
2086 4350 2289 4440 sequuntur

272 4519 420 4595 litterae
448 4517 534 4594 illae
567 4514 617 4592 ab
650 4512 809 4592 Eulero
839 4513 947 4591 datae
985 4514 1032 4590 ad
1066 4513 1109 4590 N.
1139 4513 1432 4591 Bernoullium
1463 4513 1536 4616 (6),
1565 4513 1611 4591 ad
1641 4512 1910 4590 Fridericum
1940 4536 2065 4615 regem
2095 4511 2147 4614 (2)
2174 4524 2212 4589 et
2240 4513 2287 4589 ad

275 4693 557 4798 Lagrangium
585 4689 677 4795 (18).

380 4867 519 4947 Tomus
547 4869 643 4946 alter
666 4866 818 4945 exbibet
842 4868 1176 4945 commentationes
1201 4867 1248 4946 de
1270 4865 1504 4962 mechanica,
1529 4865 1576 4943 de
1595 4865 1822 4944 astronomia
1845 4862 2077 4959 mechanica,
2102 4865 2148 4941 de
2167 4879 2288 4942 astro·

278 5048 400 5124 nomia
427 5043 564 5148 (pura),
594 5043 641 5122 de
669 5042 845 5147 physica3
875 5045 908 5119 in
937 5042 1008 5120 line
1038 5044 1220 5120 adduntur
1247 5045 1360 5121 varia.

380 5221 463 5299 Hoc
490 5221 574 5298 loco
604 5245 676 5297 non
706 5245 899 5324 possumus
928 5245 1001 5298 non
1031 5221 1184 5299 laudare
1213 5220 1373 5298 studium
1403 5245 1423 5297 a
1453 5219 1593 5296 civibus
1625 5217 1794 5295 basileae
1822 5215 2037 5294 exornando
2068 5213 2150 5293 buic
2180 5217 2286 5318 operi

272 5396 493 5476 adhibitum.
530 5393 762 5473 Curaverunt
791 5397 889 5472 enim
918 5396 1111 5496 imaginem
1142 5394 1353 5474 Leonbardi
1383 5394 1543 5489 Euleri,
1573 5395 1639 5472 viri
1666 5391 1885 5470 immortalis
1914 5403 1951 5468 et
1979 5389 2067 5468 civis
2096 5390 2184 5466 olim
2213 5389 2285 5467 Bn-

272 5573 457 5668 sileensis,
487 5571 534 5649 de
563 5571 689 5649 tabula
722 5572 835 5673 picta,
865 5571 1016 5674 quaein
1046 5595 1175 5648 eorum
1196 5571 1290 5649 urbe
1315 5583 1495 5666 servatur,
1524 5572 1602 5648 aeri
1622 5569 1870 5648 incidendam:
1895 5566 2121 5668 exemplaria
2141 5563 2285 5642 'chartis

271 5752 452 5854 impressa
482 5747 711 5825 Academiae
741 5748 839 5825 dono
868 5748 1061 5840 miserunt,
1090 5771 1188 5849 qnae
1217 5747 1251 5823 in
1280 5745 1401 5824 lronte
1424 5747 1552 5848 operis
1575 5747 1862 5824 collocarentur.
1891 5741 1949 5818 lta
1973 5738 2045 5818 boc
2069 5765 2163 5842 opus
2181 5741 2285 5843 quasi

272 5935 551 6004 monumentum
585 5933 706 5999 exstat
743 5924 928 6000 communi
962 5921 1115 6000 duarum
1153 5921 1430 6026 splendidarum
1468 5923 1612 5998 urbium
1647 5944 1762 6022 opera
1797 5917 1943 5994 Euleri
1981 5915 2184 5994 memoriae
2217 5915 2284 5994 de·

271 6103 452 6195 dicatum,
484 6098 546 6201 qui
573 6098 763 6202 utriusque
793 6098 893 6176 urbis
921 6099 1034 6176 decus
1065 6095 1129 6174 luit
1157 6109 1195 6175 et
1223 6099 1351 6202 gloria.

2053 6243 2072 6285 ss
