5198 7072
415 537 497 620 ³96
1002 533 1044 618 1.
1074 535 1291 616 EULERI
1320 531 1490 618 OPERA
1521 533 1810 618 Postttuttt.
2282 561 2416 644 daupu.

345 853 348 860 ,
416 761 468 830 ari
495 767 576 828 sunt
601 757 797 852 parallelae,
837 755 879 828 ab
909 777 1017 850 eoque
1048 754 1228 827 intervallo
1256 745 1356 826 linito
1384 753 1569 840 distantes,
1607 765 1707 850 atquc
1733 751 1933 852 hujusmodi
1958 764 2142 846 aspmtotcc
2167 765 2222 827 tot
2247 755 2430 849 prodibunt,

417 911 504 994 quot
526 902 681 994 aequatio
706 921 744 970 ea
771 899 837 970 boc
869 897 1007 992 regulae
1039 879 1106 970 situ
1136 908 1213 968 nata
1246 895 1403 968 habereris
1432 894 1562 968 radices
1593 895 1712 968 reales.
1765 895 1827 968 Ubi
1866 896 2054 969 nomadum
2093 899 2121 968 si
2160 875 2247 968 dnae
2289 897 2431 992 pluresve

419 1041 550 1119 radices
577 1037 707 1118 fuerint
729 1039 896 1134 aequales,
922 1041 1065 1114 totidem
1090 1051 1272 1134 asymtotas
1298 1042 1331 1110 in
1359 1061 1461 1110 unam
1485 1039 1687 1112 coalescere.

520 1183 577 1286 39.
628 1180 770 1265 Quando
794 1193 925 1270 atatem,
958 1192 996 1253 ut
1027 1185 1136 1276 primo
1167 1177 1243 1252 loco
1274 1183 1506 1268 assumsimus,
1538 1182 1656 1276 regula
1689 1179 1848 1254 deorsum
1875 1181 1988 1276 uergit
2021 1187 2061 1250 ut
2093 1177 2150 1274 Gy
2179 1179 2231 1250 rel
2260 1177 2339 1266 illa,
2368 1189 2433 1248 tum

419 1321 574 1426 abscissiq
597 1314 738 1394 inlicitis
763 1322 948 1432 applicatae
977 1347 1111 1420 quoque
1143 1317 1296 1396 infinitae
1326 1326 1546 1410 convenient,
1573 1333 1610 1395 et
1635 1347 1738 1397 curra
1763 1345 1876 1398 mmos
1901 1323 2037 1396 babebit
2058 1321 2102 1392 ab
2127 1345 2187 1392 are
2212 1324 2247 1392 in
2275 1315 2434 1392 inlinitum

421 1463 650 1557 dirergentes.
705 1463 879 1536 Praeterea
907 1487 988 1538 raro
1013 1463 1093 1534 ltine
1118 1461 1294 1560 dijudicari
1321 1473 1449 1558 potest,
1488 1473 1602 1534 mnam
1639 1463 1674 1534 bi
1713 1465 1795 1536 rami
1832 1467 1903 1535 sint
1938 1464 2141 1558 hyperbollci
2179 1485 2241 1536 scu
2269 1465 2437 1560 asymtotis
2578 1495 2580 1500 ·

423 1605 575 1700 praediti,
599 1628 643 1676 an
670 1625 750 1676 vero
776 1603 969 1698 parabolici.
1021 1603 1164 1676 Scilicet
1189 1605 1216 1674 sl
1242 1603 1400 1698 angulus,
1427 1625 1496 1697 quo
1521 1606 1605 1674 situs
1629 1604 1767 1698 regulae
1795 1607 1844 1675 uti
1873 1603 1931 1700 Gg
1954 1603 1999 1676 ad
2019 1604 2229 1678 boriaontem
2250 1604 2435 1691 tacitanus,

309 1728 314 1846 ζ
425 1747 534 1842 major
564 1743 666 1818 luerit
692 1750 889 1832 semirecto,
927 1767 1042 1816 ramus
1079 1747 1145 1815 crit
1173 1743 1389 1838 parabolicus
1428 1765 1521 1814 axem
1551 1767 1668 1816 rersns
1698 1755 1885 1834 convexus,
1922 1747 2063 1842 ejusque
2094 1755 2211 1816 natura
2242 1747 2440 1839 exprimetur

329 1894 331 1898 '
423 1891 621 1983 aequatione
660 1887 849 1982 parabolica
885 1887 994 1976 pm:
1008 1885 1103 1970 An'¹,
1144 1887 1177 1956 in
1210 1907 1275 1978 qua
1307 1905 1477 1986 exponens
1508 1885 1612 1978 ipsius
1637 1908 1665 1953 rc
1690 1887 1797 1982 major
1812 1893 1873 1956 'est
1898 1895 2084 1980 exponente
2108 1887 2213 1980 ipsius
2232 1909 2270 1976 y.
2322 1883 2440 1956 Contra

428 2051 520 2115 vero,
550 2033 576 2100 si
604 2029 749 2121 angulus
775 2027 1002 2098 inclinationis
1029 2024 1165 2119 regulae
1192 2023 1350 2096 deorsum
1379 2024 1551 2116 vergentis
1576 2020 1620 2094 ad
1646 2022 1854 2096 horizontem
1880 2028 1990 2096 minor
2012 2022 2116 2101 luerit
2135 2030 2327 2112 semirecto,
2354 2048 2443 2098 arcus

420 2131 539 2238 itidem
556 2171 723 2270 ⁴provenit
749 2167 972 2262 parabolicus,
999 2164 1060 2236 sed
1084 2169 1298 2238 concavitate
1324 2186 1416 2236 axem
1443 2166 1644 2260 respiciens,
1659 2178 1709 2237 ·et
1729 2170 1771 2238 in
1795 2173 1995 2264 aequatione
2020 2169 2208 2265 parabolica
2233 2171 2296 2264 ipsi
2323 2191 2444 2242 conre-

424 2305 538 2374 niente
559 2303 764 2394 y‘¹'=Aae¹²
790 2311 856 2378 erit
879 2329 912 2378 m
927 2318 968 2392 >
984 2331 1018 2378 ra.
1062 2305 1168 2378 Priori
1194 2327 1274 2376 casu
1302 2315 1445 2396 tangens
1469 2325 1594 2376 curvae
1617 2307 1651 2376 in
1670 2310 1805 2400 punctis
1823 2308 1979 2380 abscissis
1998 2305 2138 2380 infinitis
2155 2310 2442 2404 respondentibus,

424 2465 518 2516 axem
544 2449 576 2516 in
604 2447 761 2520 distantia
787 2441 918 2521 inlicita
950 2447 1148 2522 normaliter
1177 2443 1322 2530 secabit,
1355 2447 1534 2538 posteriori
1556 2467 1647 2520 aero
1677 2471 1758 2520 casu
1788 2454 1839 2520 axi
1860 2451 1910 2520 ad
1942 2453 2154 2526 intervallum
2185 2445 2361 2524 inlinitum
2387 2455 2444 2524 erit

402 2565 594 2687 parallelo.
1576 2568 1580 2579 .

527 2736 584 2804 tu.
634 2731 669 2804 Sl
696 2735 813 2828 regula
839 2715 1076 2807 sinistrorsum
1099 2744 1133 2804 et
1164 2731 1320 2802 deorsum
1349 2754 1492 2824 vergens
1522 2751 1598 2802 cum
1624 2730 1824 2804 horizontali
1849 2729 2140 2828 laciatangnlum
2165 2736 2383 2805 semirectnm
2408 2744 2444 2804 ut

430 2874 507 2962 Hb,
546 2899 584 2946 ea
619 2897 679 2970 per
711 2899 828 2946 omnes
859 2880 1021 2950 terminos
1054 2867 1290 2969 homogeneos
1325 2837 1475 2946 summae
1511 2873 1728 2944 dimensionis
1763 2875 1935 2960 transibit,
1974 2885 2075 2971 atque
2112 2878 2270 2972 aequatio
2308 2898 2348 2946 er
2384 2875 2445 2948 boc

319 2995 321 3002 ¹
425 2987 562 3110 regulae
587 3019 656 3088 situ
683 3025 758 3088 orta
781 3018 848 3086 erit
874 3015 1069 3114 hujusmodi
1153 3087 1161 3114 ‚

883 3141 1034 3233 dam-s-
1048 3156 1187 3230 Bec'¹·'“'¹
1194 3184 1221 3248 γ
1235 3184 1284 3231 -ι-
1299 3159 1538 3252 ceu-¹7²⁴-
1551 3157 1802 3250 Dm''*·⁸p³-'»s-
1815 3170 1881 3232 ete.
1894 3189 1942 3223 =
1955 3161 1990 3232 0.

427 3299 534 3397 liujus
559 3304 663 3396 igitur
687 3301 829 3384 radices,
855 3313 935 3374 sunt
959 3299 1211 3395 investigandae
1231 3309 1403 3395 quotquot
1427 3299 1584 3372 habuerit
1609 3300 1728 3388 reales,
1754 3303 1910 3396 qnoniam
1935 3301 2148 3393 imaginariae
2168 3297 2252 3370 nibil
2273 3301 2338 3372 nisi
2363 3296 2444 3377 lorte

426 3453 552 3537 puncta
576 3449 761 3541 conjugata
785 3448 820 3516 in
846 3437 1015 3514 inlinitum
1041 3441 1200 3514 distantia
1231 3438 1391 3512 indicant.
1442 3437 1585 3512 Radices
1616 3461 1697 3511 reso
1720 3439 1830 3511 reales
1861 3450 2031 3534 quotquot
2054 3435 2184 3512 luerint
2208 3445 2298 3512 inter
2325 3465 2362 3514 se
2394 3444 2443 3512 in-

424 3583 597 3678 aequales,
636 3608 719 3657 cum
748 3583 855 3682 hujus
880 3587 947 3656 sint
978 3581 1104 3656 formae
1136 3584 1442 3674 aac÷a9y=0,
1481 3583 1733 3655 inclinationem
1758 3585 1971 3676 tangentium
1998 3584 2037 3679 in
2068 3576 2202 3655 infinito
2240 3581 2444 3670 indicabant,

421 3707 633 3822 eandemque
670 3728 922 3800 inclinationem
961 3735 1144 3820 asymtotac
1182 3725 1370 3812 habebunt,
1410 3727 1472 3798 etsi
1506 3728 1575 3820 ipsa
1605 3733 1845 3816 asymtotarum
1876 3727 2000 3818 positio
2039 3722 2118 3794 binc
2146 3744 2221 3794 non
2252 3718 2442 3795 deliniatur.

423 3865 567 3938 Radices
591 3879 704 3940 autem
731 3871 888 3964 aequales
912 3868 964 3938 vel
990 3869 1103 3962 plures
1129 3877 1311 3960 asymtotas
1336 3869 1578 3954 coalescentes,
1605 3866 1660 3937 rel
1686 3843 1786 3936 etiam
1813 3866 1901 3935 inter
1931 3887 1966 3936 se
1998 3864 2171 3960 parallelas
2195 3866 2440 3951 monstrabunt,

361 4085 363 4090 ,
425 4008 591 4104 siquidem
619 4013 654 4084 iu
677 4013 822 4104 spatium
849 4003 1152 4091 intumescens
1188 4012 1239 4078 sin
1278 4019 1391 4080 autem
1427 4008 1468 4080 ad
1505 4031 1597 4080 arem
1628 4009 1663 4078 in
1693 4004 1875 4077 interuallo
1911 3999 2010 4077 linito
2047 4029 2116 4080 non
2154 4003 2337 4092 accedant,
2376 4017 2441 4078 tum

424 4153 610 4244 aequalitas
634 4152 779 4246 plurium
806 4151 958 4228 radicum
986 4173 1095 4222 mmos
1122 4151 1345 4244 parabolicos,
1373 4171 1517 4246 qnorum
1542 4173 1620 4220 axes
1643 4147 1784 4220 eandm
1804 4157 1944 4221 teneant
1961 4148 2224 4235 inclinationem,
2251 4147 2441 4235 declarabit,

425 4315 510 4388 qnos
536 4293 675 4390 proinde
701 4294 860 4389 peculiari
886 4296 1025 4384 ratione
1040 4293 1192 4388 indagari
1219 4305 1364 4388 oportet.

528 4440 584 4508 ll.
636 4435 778 4522 Quando
805 4457 887 4507 reru
911 4433 1028 4530 regula
1054 4437 1286 4510 sinistrorsum
1312 4458 1353 4508 ac
1379 4458 1513 4508 sursum
1536 4445 1591 4507 est
1615 4432 1760 4520 directa,
1786 4436 1836 4505 uti
1862 4433 1923 4506 Ka
1948 4432 2002 4504 vel
2027 4432 2099 4516 tt,
2123 4419 2345 4528 aequatioues
2370 4433 2441 4506 inde

422 4576 656 4672 suppeditatae
682 4599 814 4672 semper
837 4575 987 4648 indicant
1012 4575 1167 4646 abscissis
1190 4571 1331 4650 inlicitis
1355 4575 1561 4672 respondere
1583 4561 2046 4672 applicatas²eranescentes3
2077 4577 2162 4646 rami
2187 4578 2296 4671 igitur
2322 4601 2440 4652 curvae

422 4743 489 4816 per,
509 4719 569 4790 has
595 4723 819 4816 aequationcs
834 4713 1019 4790 ¹denotatae
1050 4723 1083 4788 in
1113 4721 1223 4813 spatio
1255 4713 1389 4794 infinito
1418 4741 1498 4792 cnm
1527 4743 1586 4790 axe
1615 4714 1885 4808 contundentur,
1918 4723 2050 4814 eritque
2076 4729 2253 4813 propterea
2280 4723 2354 4817 ipse
2378 4724 2441 4794 axis

422 4871 587 4953 asymtota
611 4860 735 4935 horum
762 4833 915 4947 arcuum.
968 4860 1056 4948 Quin
1096 4863 1195 4935 etiam
1235 4861 1369 4934 diversa
1402 4862 1574 4934 inclinatio
1611 4861 1750 4958 regulae
1788 4861 1889 4934 simul
1927 4859 2094 4933 diversam
2132 4873 2288 4934 natasram
2325 4863 2440 4937 borum

422 5026 598 5097 ramorum,
628 5003 919 5099 hyperbolicorum
954 5005 1169 5090 monstrabit,
1211 5007 1282 5078 sire
1313 5027 1392 5078 cum
1421 5003 1606 5101 hyperbola
1637 5003 1869 5100 appolloniana
1900 5007 2117 5090 conveniant,
2156 5004 2247 5100 qnod
2278 5007 2439 5092 evenith

345 5185 349 5193 ·
424 5147 543 5242 regula
580 5145 622 5214 ad
654 5145 817 5240 angulum
850 5147 1063 5219 semirectum
1097 5155 1151 5218 est
1190 5147 1367 5234 inclinata,
1405 5149 1475 5221 sire
1506 5147 1548 5220 ad
1579 5127 1742 5222 'naturam
1774 5117 1912 5220 aliarum
1943 5145 2202 5241 hyperbolarum
2233 5151 2441 5244 superiorum

424 5287 579 5359 ordinum
602 5261 673 5358 ¹siut
697 5283 902 5357 referendae.
954 5285 1064 5369 Quare
1090 5283 1158 5358 boc
1181 5263 1265 5358 casu
1291 5287 1379 5356 circa
1412 5283 1561 5360 indolem
1593 5305 1764 5359 ramorum
1788 5307 1914 5358 cnrrae
1940 5287 1975 5357 in
2001 5280 2172 5359 inlinitum
2197 5293 2440 5396 excurrentium

423 5429 505 5504 nibil
532 5439 703 5524 praeterea
729 5426 910 5504 desiderari
936 5437 1059 5522 potest

333 5625 339 5640 ·
378 5640 383 5652 .
519 5597 579 5666 ii.
631 5592 798 5678 Quoniam
823 5613 915 5678 casu,
942 5613 1011 5686 qun
1029 5601 1173 5685 tangens
1191 5613 1314 5696 carrae
1341 5593 1374 5662 in
1398 5593 1541 5687 punctis,
1569 5613 1655 5686 qnae
1679 5591 1845 5664 abscissae
1864 5583 2016 5663 inlicitae
2035 5591 2255 5688 respondent,
2281 5593 2326 5666 ad
2350 5617 2437 5667 arem

422 5735 557 5831 obliqua
577 5746 630 5806 est
655 5736 805 5820 inventa,
832 5731 996 5804 indubio
1021 5732 1233 5826 relinquitur,
1261 5745 1374 5806 uuum
1399 5755 1438 5805 ea
1463 5755 1541 5806 cum
1566 5755 1625 5806 are
1651 5733 1778 5806 alicubi
1802 5744 1995 5821 concurrat,
2023 5757 2087 5806 nec
2112 5733 2183 5806 ne‘l
2206 5735 2352 5810 Dubium
2378 5737 2438 5810 boc

264 5947 274 5964 ,
421 5879 624 5966 resolvetur,
665 5879 692 5948 si
729 5878 887 5972 aequatio
925 5895 1049 5946 curvae
1086 5873 1130 5945 ad
1167 5876 1270 5965 alium
1308 5899 1402 5947 arem
1437 5887 1626 5988 revocetur
1663 5879 1816 5973 tangenti
1846 5875 1893 5948 illi
1919 5877 2132 5974 parallelum
2170 5879 2304 5952 scilicet
2328 5885 2356 5954 si
2380 5901 2438 5978 pro

420 6031 581 6116 lingente
607 6024 744 6092 invenit
770 6015 876 6089 luerit
906 6015 991 6090 haec
1023 6021 1179 6112 aequatio
1209 6041 1263 6088 σω
1278 6020 1511 6111 -βγειλ
1550 6021 1605 6094 rel
1642 6023 1669 6092 si
1709 6021 1821 6116 plnres
1856 6019 1988 6092 radices
2023 6023 2093 6092 sint
2128 6021 2300 6118 aequales,
2338 6025 2435 6099 baec:
2579 6113 2580 6122 ἶ

419 6162 761 6263 (arc-=liy)”=⁰.
810 6159 962 6250 lineatur
989 6159 1035 6234 ad
1062 6183 1156 6274 axem
1181 6159 1317 6257 oblique¹
1342 6172 1435 6234 recta
1464 6167 1665 6259 aequatione
1684 6165 1975 6256 ,αω-βγ--εθ
2001 6185 2172 6260 expressa,
2198 6163 2349 6263 haecque
2378 6190 2436 6266 pro
