5198 7072
439 555 616 642 Euodute'o
643 557 795 666 tesquis
820 554 1003 686 cujust
1027 551 1220 664 paradoxo·
1244 557 1347 638 adca
1374 557 1699 666 multiplicationem
1726 561 1951 668 appulorum.
2123 561 2201 648 dili

176 1013 270 1112 apud
295 1015 461 1110 plurimos
492 1024 649 1086 auctores
678 1005 821 1085 mirifice
838 981 1005 1099 laudata,
1042 1015 1087 1084 sit
1111 1009 1347 1108 judicandum.
1399 1011 1445 1083 Ea
1470 1013 1601 1085 scilicet
1625 1017 1760 1085 veritati
1785 1037 1956 1110 nunquam
1982 1025 2034 1086 est
2057 1039 2204 1090 consen·

176 1172 297 1246 tanea,
336 1159 400 1228 nisi
432 1154 496 1226 bae
527 1157 757 1226 restrictiones
788 1153 1029 1226 adhibeantur:
1068 1157 1194 1248 primo,
1234 1165 1274 1225 ut
1301 1178 1324 1224 ιι
1352 1158 1396 1225 sit
1419 1177 1581 1226 numerus
1606 1159 1740 1249 integer
1764 1159 1945 1250 positivus,
1984 1157 2043 1228 ubi
2068 1153 2203 1251 quidem

176 1302 281 1370 etiam
315 1297 439 1393 cypbra
477 1308 530 1368 est
567 1295 792 1380 excludenda;
831 1295 971 1384 deinde,
1006 1306 1048 1368 ut
1075 1299 1226 1382 termini,
1263 1300 1299 1367 in
1329 1297 1451 1392 quibus
1483 1319 1654 1392 exponens
1681 1300 1858 1391 potestatis
1886 1322 1913 1368 rc
1941 1291 1983 1370 fit
2006 1301 2203 1392 negativus,

175 1443 313 1534 penitus
347 1443 598 1532 extinguantur.
649 1437 724 1522 Qut
746 1437 826 1508 buic
857 1434 1022 1522 formulae
1053 1438 1127 1532 plus
1151 1437 1322 1523 tribuunt,
1360 1461 1499 1532 eamque
1529 1436 1615 1508 adeo
1640 1435 1683 1509 ad
1708 1461 1823 1520 casus,
1861 1439 1985 1534 quibus
2010 1461 2035 1510 ιι
2059 1449 2113 1510 est
2136 1461 2203 1510 nu·

177 1602 292 1652 merus
321 1583 499 1674 negativus
529 1580 583 1650 vel
611 1575 759 1665 fractus,
798 1577 977 1650 extendere
1014 1578 1150 1664 voluat,
1188 1581 1329 1650 maxime
1359 1577 1576 1673 decipiuntur
1607 1582 1701 1650 etin
1726 1581 1943 1674 gravissimos
1967 1602 2100 1652 errores
2125 1579 2202 1650 illa·

174 1719 315 1793 buntur.
374 1720 466 1805 Quae
497 1743 575 1790 cum
605 1722 673 1790 siut
704 1717 790 1789 adeo
820 1713 1011 1806 manifesta,
1050 1715 1238 1790 mirandam
1270 1717 1420 1806 videtur,
1460 1717 1552 1814 quod
1584 1723 1665 1791 istae
1696 1731 1765 1792 tam
1796 1724 2004 1792 necessariae
2036 1720 2198 1806 cautelae,

176 1869 342 1956 quantum
372 1860 528 1956 equidem
549 1864 705 1962 memini,
733 1883 751 1931 a
778 1863 911 1930 nemine
936 1863 1004 1932 sint
1027 1859 1289 1932 animadversae.

278 2047 312 2115 7.
367 2043 458 2116 llaec
500 2042 724 2116 consideratio
763 2043 976 2115 occasionem
1015 2042 1098 2113 mibi
1128 2043 1268 2137 praebet
1298 2041 1467 2138 duplicem
1498 2045 1792 2136 investigationem
1823 2043 2038 2140 suscipiendi.
2092 2043 2201 2114 Primo

174 2183 308 2256 scilicet
332 2187 366 2256 iu
393 2202 505 2258 veram
530 2205 694 2254 summam
714 2191 848 2254 nostrae
873 2183 1095 2274 expressionis
1118 2184 1299 2278 generalis,
1331 2181 1497 2279 siquidem
1523 2187 1557 2253 in
1583 2178 1764 2255 infinitum·
1780 2189 2017 2272 continuetur,
2048 2208 2122 2256 sum
2148 2187 2203 2254 iu·

175 2328 378 2420 quisiturus,
404 2337 442 2398 ιιι
466 2335 594 2420 pateat,
621 2334 784 2418 quantum
809 2346 847 2394 ea
873 2327 992 2417 quovis
1018 2345 1145 2396 casua
1170 2325 1283 2398 valore
1308 2347 1367 2396 cos
1379 2348 1434 2416 ιιφ
1459 2323 1638 2418 discrepet.
1689 2325 1818 2398 Deinde
1844 2327 1988 2398 similem
2010 2327 2202 2420 expressio-

175 2490 255 2538 nem
279 2467 470 2573 generalem
496 2465 726 2560 investigabo,
752 2487 836 2559 quae
861 2484 980 2536 revera
1005 2467 1154 2538 valorem
1177 2489 1237 2538 cos
1250 2489 1303 2560 ιιφ
1328 2466 1500 2553 exhibeat,
1526 2477 1563 2538 et
1586 2465 1678 2536 nialla
1703 2469 1915 2538 restrictione
1934 2465 2085 2538 adbibita
2103 2487 2202 2537 veros
2233 2433 2238 2444 ¹

174 2611 314 2680 cosinus
344 2609 545 2704 angulorum
578 2605 810 2700 multiplorum
842 2603 946 2700 i'psius
977 2631 1007 2702 φ
1037 2607 1211 2702 praebeat,
1249 2611 1295 2678 ita
1326 2619 1364 2678 ut
1394 2607 1538 2702 singulis
1567 2606 1716 2694 casibus,
1756 2608 1879 2702 quibus
1910 2629 1934 2678 ιι
1963 2618 2017 2702 est
2041 2629 2202 2678 numerus

174 2749 324 2842 integer,
350 2743 515 2820 formulae
541 2749 638 2818 initio
663 2747 784 2818 allatae
804 2745 984 2840 prodeant,
1021 2749 1187 2844 simulque
1217 2754 1359 2838 veritas,
1386 2747 1521 2846 quaudo
1547 2772 1571 2820 n
1595 2759 1647 2820 est
1670 2769 1832 2822 numerus
1856 2743 1987 2836 fractus
2012 2747 2066 2820 vel
2091 2767 2199 2840 nega-

173 2894 286 2978 tivus,
314 2891 517 2962 obtineatur.

276 3100 310 3169 8.
361 3097 435 3184 Quo
461 3102 595 3194 utrique
621 3101 776 3170 instituto
801 3095 933 3172 facilius
960 3095 1180 3188 satisfaciam,
1207 3077 1387 3174 considero
1412 3097 1503 3172 banc
1528 3095 1708 3172 formulam

935 3277 1449 3378 s=Am÷flw-UY

176 3466 324 3541 valorem
350 3469 454 3562 ipsius
477 3489 495 3540 s
520 3491 578 3562 per
603 3471 723 3540 seriem
749 3467 965 3554 evoluturus,
991 3489 1079 3562 quae
1105 3466 1295 3540 secundum
1319 3477 1506 3562 potestates
1531 3469 1634 3562 ipsius
1659 3491 1686 3537 re
1710 3464 1885 3562 procedat.
1923 3461 2006 3538 Cum
2029 3465 2135 3560 igitur
2153 3463 2198 3532 sit

400 3651 1160 3808 ts(oee—l)=ae-‡—2-¹·'—4L—etc.,
1217 3689 1260 3760 ob
1309 3647 1991 3808 s='A(2ue-‡-g¹·—'4{-,-etc.)”,

173 3907 321 3983 observo
357 3911 535 3980 terminum
575 3913 717 4003 primum
748 3908 901 3982 futurum
935 3932 1006 3982 esse
1039 3939 1086 3972 =
1099 3903 1244 3992 2”Ᾰω”;
1280 3910 1315 3978 iu
1346 3909 1565 4003 sequentibus
1596 3921 1708 3980 autem
1739 3917 1943 4004 exponentes
1969 3905 2146 4001 potestatis
2169 3925 2197 3972 ω

173 4053 337 4124 continuo
361 4049 488 4120 binario
512 4049 725 4138 decrescere,
752 4055 797 4124 ita
823 4061 862 4122 ut
886 4055 989 4124 series
1014 4049 1208 4148 hujusmodi
1225 4047 1390 4122 'habitura
1416 4053 1460 4121 sit
1485 4047 1627 4122 formam

146 4321 150 4330 .
646 4225 1739 4330 s=uc⁸÷ssae⁰‘²÷yoe”·⁴÷dae”‘⁶÷eae”*³7e-etc.
1773 4333 1779 4342 Ι

143 4395 231 4476 ,uti
257 4393 394 4490 quidem
421 4405 474 4466 est
497 4393 688 4475 a=2tft

273 4583 307 4651 9.
360 4577 415 4650 ad
434 4579 528 4650 'hanc
554 4591 666 4650 autem
696 4579 817 4652 seriem
843 4579 1113 4654 commodissime
1138 4580 1337 4668 eruendam,
1376 4581 1520 4652 observo
1545 4583 1778 4676 aequationem
1803 4589 1987 4650 assumtam
2012 4599 2072 4672 per
2097 4571 2197 4648 diffe·
2267 4669 2269 4674 Ι

171 4723 407 4794 rentiatiunem
446 4724 479 4791 in
517 4721 614 4794 aliam
646 4725 798 4794 converti
830 4733 1001 4816 oportere,
1042 4724 1075 4792 in
1105 4743 1171 4816 qua
1202 4732 1272 4794 tarn
1303 4731 1453 4818 potestas
1483 4715 1660 4792 indefinita
1690 4745 1790 4816 quam
1822 4723 1932 4793 omnis
1957 4717 2194 4790 irrationalitate

172 4863 275 4950 absit,
314 4862 479 4956 simulque
510 4865 678 4956 quantitas
702 4885 719 4935 s
743 4861 867 4957 ubique
899 4863 974 4958 plus
1005 4885 1071 4934 una
1096 4863 1304 4936 dimensione
1330 4885 1399 4935 non
1424 4865 1468 4933 sit
1491 4859 1665 4946 babitura3
1703 4859 1901 4958 hujusmodi
1926 4863 2015 4933 enim
2041 4859 2193 4954 aequatio

172 5001 330 5077 facillime
360 5025 419 5098 per
448 5009 567 5074 seriem
595 5015 687 5076 certa
718 5005 793 5100 lege
824 5005 1062 5100 procedentem
1090 5007 1283 5080 resolvitur.
1335 5006 1434 5078 lluuc
1459 5007 1494 5077 iu
1520 4999 1623 5076 [inem
1648 5007 1757 5100 primo
1784 5003 1997 5098 logarithmis
2022 4999 2193 5073 sumendis

44 5230 47 5239 Ι
173 5147 308 5256 obtiueo

865 5241 1511 5343 h=M÷MQ÷Ww-m;

172 5396 245 5460 tum
276 5407 358 5458 vero
391 5377 669 5458 differentiando:

621 5528 1745 5708 ss=gndc÷7<ffi)t(c÷V(m-l))=ffiff

170 5745 234 5820 llic
263 5747 384 5818 sumtis
413 5740 587 5838 quadratis
617 5745 681 5812 erit
1590 5753 1596 5764 ·
1699 5769 1703 5777 ·

731 5873 779 5938 αι’
850 5875 945 5940 mae²

733 5951 966 6040 3:333-ss
1019 5945 1079 5994 seu
1129 5919 1620 6019 (ee-emensum,

18 6113 22 6124 ¹
167 6167 255 6241 qaue
281 6145 436 6241 aequatio
461 6141 575 6218 denuo
601 6139 843 6232 differentiata,
876 6156 989 6218 sumto
1013 6143 1179 6218 elemento
1203 6145 1255 6218 cte
1280 6155 1475 6232 constante,
1508 6155 1542 6214 et
1568 6165 1629 6238 per
1653 6142 1719 6216 ide
1743 6139 1848 6213 divisa
1874 6139 1933 6212 dat
